2332 3776
1013 161 1366 218 ,46-

267 287 444 345 Donec
480 287 671 344 virenti
709 289 928 343 canities
962 290 1112 343 abest

269 379 490 432 Morosa.
564 376 714 430 Nunc
753 380 806 429 et
846 375 1069 442 Campus
1106 381 1160 428 et
1196 394 1349 431 areae

411 462 682 530 Lenesque
719 460 814 513 sub
852 465 1059 512 noctem
1097 462 1294 512 susurri

551 545 849 611 Composita
884 547 1193 610 repetantur
1229 546 1387 611 hora3

271 634 420 686 Nunc
454 637 508 685 et
542 632 757 684 latentis
793 631 1034 697 proditor
1069 631 1257 685 intimo

267 721 461 772 Gratus
497 717 702 785 puellae
740 716 876 768 risus
912 717 978 768 ab
1016 717 1208 785 angulo

407 806 704 875 Pignusque
742 803 1018 870 dereptum
1052 804 1265 857 lacertis

548 893 654 945 Aut
689 891 855 962 digito
892 891 1029 944 male
1066 893 1341 958 pertinaci.
1415 911 1574 949 carm.
1618 900 1660 949 1.
1701 901 1748 951 9.
1794 901 1873 950 15.

724 991 726 993 ’
1154 982 1251 1024 ⁶296.

274 1055 382 1108 Nos
422 1053 674 1116 convivia,
712 1069 807 1105 nos
843 1052 1046 1119 proelia
1081 1053 1344 1122 virginum

271 1142 480 1213 Strictis
506 1141 563 1193 in
598 1141 812 1193 iuvenes
844 1139 1104 1208 unguibus
1139 1142 1339 1193 acrium

272 1229 575 1292 Camtamm,
613 1228 763 1281 vacui
800 1227 907 1279 sive
943 1227 1069 1295 quid
1108 1227 1323 1292 urimur,

415 1318 534 1371 Non
570 1320 785 1384 praeter
823 1315 1032 1368 solitum
1065 1315 1219 1371 leves,
1293 1335 1450 1373 carm.
1484 1326 1524 1374 1.
1554 1325 1601 1375 6.
1634 1326 1712 1377 17.

1158 1404 1256 1447 297.

276 1483 392 1536 Heu
418 1499 526 1544 me,
564 1497 659 1547 per
697 1479 960 1546 urbem÷
997 1496 1120 1530 nam
1147 1478 1312 1544 pudet
1340 1481 1476 1532 tanti
1499 1483 1623 1535 mali
1643 1514 1712 1521 -—

409 1559 614 1622 Fabula
647 1572 846 1636 quanta
883 1566 983 1617 fui!
1026 1565 1387 1618 Conviviorum
1427 1573 1480 1622 et
1518 1571 1765 1636 paenitet,

274 1660 345 1724 In·
373 1657 491 1725 quis
528 1658 794 1708 amantem
829 1654 1054 1721 languor
1091 1657 1144 1705 et
1178 1653 1446 1729 silentium

355 1741 603 1811 .,Arguit
640 1744 694 1792 et
731 1739 898 1791 latere
936 1738 1132 1807 petitus
1169 1739 1274 1791 imo
1309 1741 1540 1807 spiritus
1615 1745 1764 1811 epod.
1809 1751 1886 1799 11.
1928 1750 1974 1797 7.

1162 1827 1260 1870 ⁶298.

436 1958 444 1965 ,
832 1899 944 1952 Vae
981 1918 1156 1953 meum

279 1992 508 2045 Fervens
545 1987 750 2040 difficili
786 1986 891 2039 bile
928 1990 1097 2040 tumet
1132 1987 1290 2040 iecur.

420 2075 552 2127 Tum
585 2091 681 2126 nec
719 2089 866 2124 mens
903 2071 1035 2123 mihi
1071 2089 1168 2124 nec
1205 2072 1348 2124 color

282 2164 439 2217 Certa
473 2161 596 2215 sede
629 2163 821 2221 manet,
857 2158 1046 2210 humor
1084 2162 1138 2210 et
1173 2158 1229 2209 in
1265 2175 1427 2227 genas

341 2275 344 2278 ⁴
422 2251 629 2304 Furtim
664 2249 876 2311 labitur,
913 2265 1141 2317 arguens

280 2342 447 2405 Quam
482 2339 641 2391 lentis
677 2337 887 2404 penitus
924 2354 1159 2389 macerer
1193 2336 1416 2404 ignibus.
1491 2355 1651 2394 carm.
1695 2343 1738 2394 1.
1779 2346 1856 2398 13.
1895 2348 1939 2398 3.

1172 2424 1270 2467 299.

840 2495 926 2548 Me
966 2510 1170 2563 quoque
1205 2496 1435 2563 pectoris

421 2582 719 2651 Temptavit
753 2581 808 2632 in
846 2581 987 2633 dulci
1025 2581 1240 2634 iuventa

559 2671 770 2724 Fervor.
844 2687 1002 2725 carm.
1049 2676 1090 2725 1.
1134 2674 1210 2725 16.
1251 2675 1331 2725 22.

1179 2760 1277 2804 300.

283 2834 347 2886 In
383 2851 467 2886 me
504 2835 618 2884 tota
654 2847 810 2882 ruens
848 2828 1028 2883 Venus

429 2919 656 2988 Cyprum
694 2917 941 2971 deseruit.
1013 2934 1168 2972 carm.
1212 2923 1253 2970 1.
1294 2923 1374 2973 19.
1410 2924 1456 2974 9.

1176 3003 1273 3047 301.

284 3082 464 3136 Donec
500 3082 680 3149 gratus
716 3094 861 3130 eram
894 3076 995 3129 tibi

425 3169 536 3222 Nec
571 3167 849 3236 quisquam
883 3165 1059 3233 potior
1097 3165 1345 3218 bracchia
1381 3166 1636 3221 candidae

289 3256 491 3312 Cervici
524 3254 727 3308 iuvenis
762 3253 951 3306 dabat:

427 3342 704 3396 Persarum
738 3340 879 3409 vigui
916 3357 1038 3410 rege
1075 3340 1295 3395 beatior.
1368 3360 1527 3398 carm.
1564 3348 1610 3398 3.
1651 3350 1698 3401 9.
1743 3354 1787 3405 1.
