2332 3776
980 166 1331 217 -35-

1082 290 1178 333 220.

189 351 454 422 (1011111135,
495 376 734 425 marmor,
776 361 918 425 ebur,
959 360 1232 430 Tyrrhena
1273 362 1470 432 sigilla,
1509 363 1745 429 tabellaS,

191 441 503 511 Argentum,
545 449 712 498 vestes
749 446 970 500 Gaetulo
1008 447 1206 501 murice
1244 449 1435 503 tinctas

191 525 323 580 Sunt·
359 528 449 597 qui
488 546 592 582 non
629 530 882 595 habeant,
922 536 1001 585 est
1037 533 1128 601 qui
1164 550 1296 605 non
1334 538 1535 587 curat
1572 534 1841 589 habere.

1549 639 1666 690 epp.
1706 626 1752 676 2.
1790 627 1836 675 2.
1882 624 1993 676 180.

1063 707 1161 751 221.

188 770 324 824 Nam
358 790 525 841 neque
564 773 814 827 divitibus
852 774 1164 845 contingunt
1201 776 1394 846 gaudia
1432 778 1554 831 solis

189 856 297 912 Nec
334 858 465 912 vixit
501 859 660 925 male,
698 860 790 929 qui
828 867 982 915 natus
1017 864 1347 932 moriensque
1385 863 1588 919 fefellit.
1657 882 1772 932 epp.
1818 872 1859 921 1.
1903 871 1981 921 17.
2020 872 2067 921 9.

1072 951 1169 996 222.

186 1021 390 1090 Pauper
426 1026 567 1078 enim
604 1042 710 1078 non
744 1031 848 1092 est,
885 1027 968 1081 cui
1004 1014 1185 1080 rerum
1219 1029 1455 1096 suppetit
1492 1048 1626 1084 usus.

187 1107 243 1162 Si
279 1111 451 1163 ventri
489 1110 647 1174 bene,
687 1111 731 1162 si
767 1111 923 1164 lateri
962 1117 1042 1164 est
1078 1113 1406 1181 pedibusque
1447 1115 1573 1178 tuis,
1611 1114 1688 1168 nil

187 1195 415 1250 Divitiae
448 1201 698 1264 poterunt
730 1198 934 1267 regales
973 1198 1167 1253 addere
1202 1200 1383 1253 maius,
1460 1219 1577 1269 epp.
1625 1207 1668 1257 1.
1714 1206 1793 1256 12.
1833 1207 1879 1254 4.

1077 1287 1133 1329 22
1165 1319 1174 1329 .

188 1355 520 1410 Crescentem
559 1358 796 1426 sequitur
835 1375 961 1410 cura
995 1287 1276 1425 peculii-am
1379 1358 1382 1363 ’

185 1444 549 1513 Maiorumque
587 1444 764 1498 fames,
838 1462 996 1497 carm.
1038 1448 1084 1497 3.
1125 1448 1202 1498 16.
1246 1445 1323 1497 18.

1013 1543 1016 1548 ’
1081 1529 1179 1575 224.

190 1609 327 1674 Quid
358 1609 553 1663 iuvat
590 1610 904 1662 immensum
938 1612 993 1660 te
1030 1608 1237 1676 argenti
1275 1607 1481 1675 pondus
1517 1611 1570 1660 et
1607 1607 1724 1661 auri

190 1693 398 1746 Furtim
429 1691 634 1746 defossa
666 1691 913 1744 timidum
950 1689 1213 1757 deponere
1249 1695 1431 1744 terra?
1506 1695 1599 1744 sat.
1645 1697 1686 1745 1.
1729 1696 1778 1745 1.
1814 1697 1897 1746 41.

1071 1775 1167 1820 225.

192 1849 342 1905 Licet
374 1849 629 1917 superbus
667 1847 903 1901 ambules
935 1847 1171 1913 pecunia,

331 1935 372 1987 F
375 1940 564 1988 ortana
599 1950 705 1986 non
734 1936 907 1984 mutat
943 1948 1122 2000 genus.
1192 1931 1342 1999 epod.
1382 1938 1428 1986 4.
1473 1937 1520 1985 5.

1106 2019 1202 2062 226.

893 2091 1107 2146 Scilicet
1137 2091 1407 2160 improbae

194 2182 445 2236 Crescunt
482 2180 725 2246 divitiae,
771 2184 951 2232 tamen

335 2268 526 2323 Curtae
564 2268 740 2348 nescio
778 2265 906 2335 quid
943 2282 1149 2334 semper
1186 2265 1336 2319 abest
1372 2266 1465 2319 rei.
1541 2279 1698 2316 carm.
1741 2265 1787 2315 3.
1826 2263 1909 2313 24.
1949 2262 2032 2313 62.

1078 2351 1175 2396 227.

193 2423 487 2481 Destrictus
526 2426 665 2479 ensis
702 2426 788 2478 cui
825 2443 982 2494 super
1013 2426 1178 2493 impia

193 2513 403 2567 Cervice
440 2512 660 2579 pendet,
696 2529 801 2564 11011
837 2511 1040 2565 Siculae
1079 2513 1242 2579 dapes

333 2602 555 2655 Dulcem
593 2601 938 2654 elaborabunt
975 2616 1230 2666 saporem,

474 2686 593 2739 Non
630 2687 806 2740 avium
843 2687 1180 2755 citharaeque
1219 2690 1402 2738 cantus

194 2775 446 2827 Somnum
481 2773 749 2842 reducent.
825 2773 1048 2826 Somnus
1085 2773 1374 2842 agrestium

193 2859 350 2912 Lenis
385 2859 617 2911 virorum
652 2876 758 2910 non
792 2859 1017 2912 humiles
1055 2859 1236 2912 domos

334 2941 562 3000 Fastidit
598 2946 1000 3014 umbrosamque
1037 2947 1222 3013 ripam,

472 3033 591 3086 Non
629 3034 886 3104 Zephyris
922 3034 1124 3102 agitata
1156 3031 1366 3099 Tempe.
1440 3048 1599 3088 carm.
1639 3036 1686 3086 3.
1729 3041 1772 3091 1.
1815 3041 1894 3092 17.

1066 3135 1163 3180 228.

196 3213 314 3268 Non
347 3212 531 3267 domus
568 3217 622 3266 et
654 3212 871 3277 fundUS,
910 3229 1015 3264 non
1052 3211 1187 3265 aeris
1221 3228 1438 3264 acervus
1473 3214 1527 3264 et
1563 3213 1679 3265 auri

195 3303 422 3372 Aegroto
460 3301 672 3353 domino
706 3299 927 3353 deduxit
964 3315 1181 3367 corpore
1218 3297 1404 3363 febreS,

192 3393 310 3446 Non
346 3391 522 3445 animo
557 3408 722 3445 curas,
798 3389 1053 3444 Valeat
1086 3404 1353 3456 possessor
1386 3391 1605 3455 oportet,

189 3484 244 3540 Si
283 3484 623 3553 comportatis
661 3484 818 3539 rebus
855 3483 988 3542 bene
1025 3480 1227 3552 cogitat
1261 3479 1355 3535 uti.
1430 3495 1547 3548 epp.
1593 3484 1632 3533 1.
1674 3482 1718 3533 2.
1758 3482 1839 3532 47.
