2332 3776
1004 154 1357 204 ..59-

1128 279 1186 322 40
1219 313 1227 322 .

339 350 535 415 Quodsi
572 347 655 404 'me
687 350 866 419 lyricis
903 350 1112 403 vatibus
1150 280 1351 413 iriseris

342 436 565 491 Sublimi
601 436 790 492 seriam
825 435 1000 490 sidera
1035 435 1246 490 vertice.
1320 452 1478 488 carm.
1525 440 1565 488 1.
1611 440 1655 490 1.
1692 437 1779 488 35.

1130 634 1229 679 402.

233 715 302 779 β)
337 710 445 764 Aut
478 709 727 778 prodesse
764 708 949 763 volunt
984 713 1077 764 aut
1108 708 1374 762 delectare
1411 711 1602 776 poetae

343 799 452 852 Aut
486 797 642 852 simu]
680 801 734 852 et
765 797 998 852 iucunda
1030 801 1086 852 et
1119 797 1311 851 idonea
1348 796 1524 851 dicere
1558 796 1712 851 vitae.
1751 814 1797 851 a.
1833 812 1882 863 p.
1914 800 2031 851 333.

340 963 506 1018 Omne
541 962 667 1016 tulit
701 964 968 1030 punctum,
1004 961 1097 1030 qui
1138 887 1355 1015 ffscuit
1385 960 1516 1014 utile
1551 959 1692 1013 dulci

340 1050 617 1104 Lectorem
652 1048 964 1103 delectando
1001 1048 1308 1118 pariterque
1344 1046 1621 1103 monendo,
1693 1046 1766 1101 ib.
1812 1051 1929 1102 343.

1047 1196 1050 1199 ’
1126 1152 1226 1196 404⁸
1295 1209 1595 1263 Ridiculum
1632 1210 1743 1263 acri

342 1300 555 1354 Fortius
579 1303 634 1354 et
659 1300 847 1355 melius
871 1318 1088 1370 magnas
1117 1300 1428 1370 plerumque
1452 1305 1596 1355 secat
1617 1319 1717 1356 res,
1755 1305 1846 1355 sat.
1875 1307 1914 1356 1.
1940 1307 2018 1358 10.
2043 1307 2123 1356 14.

1133 1406 1231 1451 405.

1155 1481 1437 1536 Ridentem
1474 1482 1650 1537 dicere
1688 1501 1868 1537 verum

342 1563 479 1629 Quid
515 1567 698 1618 vetat?
773 1569 869 1620 sat.
913 1570 957 1621 1.
1002 1571 1044 1619 1.
1081 1572 1166 1620 24.

343 1725 514 1779 Discit
549 1726 690 1781 enim
725 1726 880 1780 citius
915 1655 1262 1798 meminiffifiie
1299 1729 1553 1783 libentius
1589 1730 1735 1795 illud,

341 1812 492 1878 Quod
529 1813 647 1883 quis
683 1813 912 1879 deridet,
951 1831 1111 1883 quam
1155 1816 1297 1885 quod
1333 1817 1527 1884 probat
1563 1820 1616 1872 et
1653 1822 1949 1874 veneratur.

1142 1973 1226 2018 407
1610 1921 1726 1973 epp.
1762 1909 1811 1961 2.
1853 1912 1896 1970 1,
1934 1910 2052 1964 262«

867 2051 932 2099 ln
970 2047 1136 2101 malos
1172 2049 1494 2117 asperrimus

485 2117 679 2171 Parata
717 2116 845 2172 tollo
880 2137 1090 2184 cornua,
1128 2162 1171 2176 ..
1198 2165 1242 2176 ..

347 2206 444 2271 An,
481 2206 526 2259 si
560 2208 679 2275 quis
714 2211 830 2262 atro
869 2208 1028 2263 dente
1066 2227 1150 2264 me
1185 2210 1450 2280 petiverit,

485 2293 694 2348 Inultus
730 2299 791 2348 ut
826 2295 962 2351 flebo
995 2302 1167 2365 puer?
1241 2296 1391 2365 epod.
1429 2302 1475 2352 6.
1519 2302 1600 2362 113
1642 2301 1721 2351 15.

939 2467 1040 2520 Hic
1078 2398 1232 2521 stiffisss·
1264 2467 1408 2522 haud
1444 2471 1592 2535 petet
1627 2466 1768 2520 ultro

343 2557 672 2622 Quemquam
706 2556 1033 2610 animantem
1069 2561 1122 2611 et
1159 2575 1242 2611 me
1276 2557 1439 2611 veluti
1476 2555 1738 2609 custodiet
1773 2555 1914 2611 ensis

346 2645 557 2716 Vagina
595 2649 777 2699 tectus,
850 2647 1017 2711 Quem
1056 2665 1149 2701 cur
1184 2647 1514 2717 destringere
1549 2664 1708 2701 coner

347 2732 512 2785 Tutus
547 2732 615 2786 ab
654 2731 860 2787 infestis
899 2734 1235 2788 latronibus?
1311 2734 1354 2787 O
1390 2738 1547 2803 pater
1583 2739 1637 2788 et
1672 2753 1767 2788 rex

352 2819 605 2887 Iuppiter,
643 2823 703 2872 ut
739 2825 927 2887 pereat
962 2822 1195 2889 positum
1228 2822 1469 2892 robigine
1507 2821 1674 2875 telum

348 2907 459 2962 Nec
495 2908 773 2978 quisquam
811 2914 1000 2963 noceat
1037 2910 1229 2978 cupido
1268 2910 1399 2963 mihi
1436 2910 1610 2978 pacis!
1644 2913 1701 2962 at
1736 2908 1826 2962 ille

351 2992 451 3055 Qui
489 3011 571 3047 me
611 2994 901 3058 commorit,
941 3026 1009 3032 -—
1048 2994 1236 3047 melius
1273 3012 1379 3047 non
1415 2998 1647 3063 tangere,
1686 2993 1854 3047 clamo
1893 3024 1962 3031 -

355 3079 534 3134 Flebit
570 3085 623 3135 et
658 3082 882 3151 insignis
920 3085 1032 3135 tota
1067 3082 1370 3136 cantabitur
1404 3082 1568 3136 urbe!
1641 3085 1737 3135 sat.
1778 3086 1825 3136 2.
1868 3087 1911 3135 1.
1951 3083 2033 3136 39.
