2332 3776
994 192 1064 202 -
1137 144 1204 217 34
1275 194 1344 202 ...

241 289 341 344 Vel
379 290 485 345 sole
518 308 671 358 pur0,
708 308 814 345 non
850 295 1029 345 tamen
1064 292 1276 346 irritum

238 379 593 449 Quodcunque
630 384 773 433 retro
810 385 891 434 est
927 380 1122 434 efficiet
1158 399 1327 450 neque

379 466 634 536 Diffinget
667 466 1023 535 infectumque
1060 467 1260 532 reddet,

517 555 666 619 Quod
699 555 904 638 fugiens
941 557 1102 610 semel
1136 556 1267 610 hora
1303 560 1456 614 vexit.
1484 603 1487 606 .
1514 579 1673 619 carm.
1709 567 1759 620 3.
1787 568 1870 619 29.
1908 570 1991 619 41.

1127 645 1225 691 202.

939 714 1077 767 Dum
1114 715 1393 785 loquimur,
1433 704 1628 789 fugerit
1662 719 1841 772 invida

242 800 414 856 Aetas
454 799 672 867 Carpe
710 798 887 852 diem
924 818 1082 868 quam
1121 802 1395 858 minimum
1429 805 1643 860 credula
1677 810 1902 873 postero,

1590 909 1747 947 carm.
1789 898 1832 947 1.
1876 883 1968 947 11.'
1997 898 2043 946 7.

1127 976 1224 1020 203.

238 1047 315 1100 Tu
350 1065 713 1116 quamcunque
751 1046 878 1101 deus
914 1047 1014 1100 tibi
1051 1047 1397 1102 fortunaverit
1435 1051 1620 1105 horam

238 1135 440 1188 Grata
477 1151 622 1188 sume
658 1151 848 1186 manu
884 1151 987 1187 neu
1025 1133 1202 1187 dulcia
1234 1135 1387 1188 differ
1421 1136 1478 1188 in
1513 1155 1722 1202 annum,

239 1219 327 1282 Ut,
365 1235 674 1287 quocunque
711 1217 826 1270 loco
862 1217 1036 1281 fueriS,
1075 1217 1330 1272 vixisse
1366 1220 1675 1274 libenter

237 1304 308 1357 Te
342 1304 499 1358 dicas,
577 1321 691 1371 epp.
735 1310 777 1356 1.
825 1309 900 1356 11.
940 1308 1023 1357 22.

1124 1393 1221 1437 204.

238 1464 554 1535 Neglegens,
591 1482 658 1517 ne
694 1482 799 1532 qua
831 1464 1054 1531 populus
1091 1466 1308 1531 laboret,

238 1552 401 1605 Parce
437 1551 672 1619 privatus
708 1549 929 1601 nimium
967 1568 1164 1606 cavere.

242 1641 395 1694 Dona
429 1639 720 1707 praesentis
757 1656 886 1707 cape
922 1639 1090 1692 laetus
1123 1641 1284 1694 horae
1319 1644 1372 1693 et

382 1730 586 1798 Linque
625 1734 833 1783 severa!
909 1746 1068 1783 carm.
1110 1735 1155 1784 3.
1194 1735 1240 1785 8.
1279 1736 1363 1785 25.

1134 1818 1231 1862 205.

239 1893 379 1946 Dum
415 1893 563 1957 licet,
597 1891 654 1943 in
691 1891 847 1943 rebus
884 1888 1126 1942 iucundis
1158 1890 1273 1942 vive
1311 1890 1510 1954 beatus,

239 1982 371 2036 Vive
409 1998 608 2034 memor
645 1996 804 2047 quam
836 1979 906 2030 sis
939 1978 1054 2031 aevi
1085 1977 1288 2031 brevis!
1342 1981 1437 2034 sat,
1459 1984 1506 2033 2.
1525 1981 1572 2034 6.
1592 1982 1675 2034 97.

1131 2063 1230 2107 206.

979 2136 1292 2203 RapiamuS‚
1328 2135 1498 2198 amici,

243 2227 582 2281 Occasionem
618 2223 683 2277 de
721 2223 831 2286 die,
867 2221 1094 2290 dumque
1126 2221 1300 2274 virent
1335 2236 1506 2289 genua

243 2316 312 2368 Et
347 2314 519 2377 decet,
559 2310 787 2366 obducta
823 2309 1054 2363 solvatur
1090 2307 1263 2360 fronte
1301 2310 1552 2361 senectus,
1602 2306 1749 2374 epod.
1791 2311 1869 2360 13.
1911 2311 1956 2361 3.

1137 2390 1234 2434 207.

241 2475 406 2539 Quem
442 2472 572 2525 Fors
609 2469 814 2523 dierum
850 2484 1052 2535 cunque
1091 2465 1261 2531 dabit,
1298 2464 1443 2518 lucro

384 2561 604 2627 Appone
643 2573 741 2610 nec
778 2554 955 2607 dulces
991 2570 1195 2605 amores

525 2640 724 2708 Sperne
761 2655 892 2705 puer
928 2654 1095 2705 neque
1134 2640 1194 2688 tu
1229 2636 1460 2700 choreas,

242 2732 421 2784 Donec
458 2728 651 2782 virenti
684 2725 904 2779 canities
939 2724 1091 2777 abest

242 2820 464 2873 Morosa.
536 2833 694 2869 carm.
736 2819 782 2867 1.
820 2816 867 2866 9.
908 2816 986 2866 13.

1140 2897 1238 2942 208.

211 2977 403 3033 'Misce
441 2976 723 3031 stultitiam
758 2974 988 3028 consiliis
1025 2973 1254 3037 brevem,

240 3066 405 3120 Dulce
443 3069 523 3118 est
559 3063 799 3129 desipere
834 3062 890 3114 in
924 3061 1052 3115 loco,
1127 3078 1286 3115 carm.
1324 3066 1371 3115 4.
1418 3066 1494 3118 12.
1523 3067 1605 3118 27.

391 3230 447 3299 y)
488 3227 618 3281 Der
654 3224 797 3289 daS‚
834 3239 962 3276 was
999 3239 1070 3274 er
1104 3220 1247 3286 hat,
1286 3219 1588 3275 frohlich
1624 3222 1958 3292 geniesst.

1256 3327 1364 3367 Frui
1386 3328 1586 3380 paratis!
1647 3338 1780 3372 carm,
1814 3327 1853 3369 1.
1887 3326 1956 3370 31.
1987 3323 2054 3368 17.

1136 3407 1233 3452 209.

236 3483 349 3550 Quo
385 3479 516 3534 mihi
548 3477 833 3543 fortunam,
873 3476 917 3530 si
954 3493 1060 3531 non
1095 3473 1399 3530 conceditur
1435 3474 1553 3530 uti?
1606 3490 1727 3544 epp.
1767 3477 1811 3531 1.
1848 3478 1896 3531 5.
1939 3476 2018 3529 12.
