2332 3776
950 142 1333 197 ....39-„v

192 265 312 322 Non
347 267 553 340 agimur
589 269 806 325 tumidis
841 270 970 326 velis
1001 269 1259 341 Aquilone
1294 269 1541 336 secundO,

191 356 309 411 Non
345 362 523 413 tamen
556 358 787 413 adversis
823 363 1054 414 aetatem
1085 357 1323 412 ducimus
1347 353 1590 424 'Austris

189 444 416 509 Viribus,
454 446 680 515 ingenio,
718 443 904 514 specie,
940 446 1136 499 virtute
1174 446 1302 510 1000,
1344 464 1403 500 re

135 587 141 592 ,
190 522 424 586 Extremi
459 532 772 600 primorum,
810 533 1060 587 extremis
1094 550 1259 602 usque
1296 533 1520 601 priores,
1593 551 1709 603 epp.
1742 539 1789 590 2.
1825 540 1871 589 2.
1914 540 2028 590 199.

1073 618 1170 662 246.

0 709 11 735 ν.
91 705 96 710 ·
187 685 593 756 Importuna
626 693 850 744 tamen
881 690 1254 758 pauperies
1292 691 1487 746 abest

185 775 305 842 Nec,
342 777 387 831 si
422 778 579 845 plura
612 779 782 842 velim,
822 782 882 832 tu
918 779 1044 833 dare
1083 778 1343 849 (10ηοςοος

187 859 464 916 Contracto
502 864 688 917 melius
723 881 888 932 parva
903 934 906 936 Α
924 864 1172 933 cupidine

324 949 620 1020 Vectigalia
653 953 934 1022 porrigam,

180 1032 348 1096 Quam
384 1035 429 1087 si
464 1036 762 1106 Mygdoniis
797 1056 1018 1108 regnum
1050 1037 1284 1107 Alyattei

182 1119 392 1190 Campis
422 1124 740 1179 continuem.
816 1145 975 1182 carm.
1014 1131 1059 1181 3.
1103 1130 1181 1181 16.
1222 1130 1304 1180 37.

177 1276 346 1332 Exilis
381 1279 567 1335 domus
606 1286 698 1347 est,
730 1283 823 1337 ubi
859 1301 966 1338 non
1001 1288 1056 1337 et
1077 1213 1260 1338 2111111153.
1286 1286 1582 1351 supersunt.
1655 1299 1770 1351 epp.
1819 1288 1862 1338 1.
1891 1287 1938 1338 6.
1976 1286 2059 1339 45.

668 1442 726 1511 [Γ
727 1446 820 1495 uta
853 1445 906 1496 et
940 1372 1163 1510 parv2u413
1198 1442 1370 1507 laudO,

177 1522 306 1577 Gum
340 1542 427 1579 res
458 1525 724 1593 deficiunt,
762 1529 890 1582 satis
928 1530 1071 1583 inter
1103 1529 1232 1583 vilia
1268 1529 1436 1584 fortis,

173 1611 374 1666 Verum
404 1614 497 1668 ubi
535 1616 664 1684 quid
702 1618 889 1671 melius
927 1618 1188 1687 contingit
1224 1621 1279 1671 et
1310 1617 1542 1682 unctius,
1579 1616 1721 1670 idem

173 1699 282 1754 Vos
318 1719 505 1771 sapere
543 1708 598 1757 et
635 1706 773 1758 solos
810 1707 894 1760 aio
926 1707 1061 1761 bene
1094 1707 1285 1771 vivere,
1323 1724 1550 1775 quorum

174 1786 507 1857 Conspicitur
541 1791 725 1844 nitidis
760 1792 982 1848 fundata
1017 1795 1244 1861 pecunia
1280 1794 1434 1849 villis.
1507 1810 1626 1861 epp.
1667 1798 1708 1846 1.
1752 1796 1830 1847 15.
1866 1791 1968 1859 42]

511 1928 548 1960 c.
577 1903 755 1961 Der
795 1919 1447 1978 empfiingliohe
1486 1920 1711 1965 Sinn-

1092 1994 1192 2036 Νοη
1222 2005 1264 2037 tu
1295 2011 1446 2049 corpus
1477 2011 1576 2036 eras
1604 1997 1729 2037 sine
1757 2004 1996 2049 pectore.

1572 2080 1669 2124 epp.
1700 2070 1739 2112 1.
1769 2068 1810 2112 4.
1842 2069 1885 2112 6.·

169 2151 230 2222 α)
261 2150 370 2206 fiir
406 2152 510 2208 die
547 2153 924 2209 Schonheit
955 2156 1078 2212 der
1108 2156 1328 2212 Natur
1355 2158 1448 2230 (an
1475 2158 1588 2212 sich
1616 2158 1725 2212 und
1744 2159 1818 2212 im
1844 2159 2050 2229 Gegenss

782 2247 892 2298 satz
930 2262 1048 2297 zum
1080 2243 1438 2316 Stadtleben).

1101 2330 1232 2372 Vivo
1264 2341 1314 2372 et
1342 2347 1532 2385 reyno,
1566 2333 1688 2374 simul
1715 2335 1799 2375 ista
1829 2336 1992 2388 reliqui,

871 2399 990 2448 Quae
1016 2416 1091 2442 vos
1126 2403 1184 2443 acl
1213 2404 1369 2444 caelum
1404 2405 1568 2456 effertis
1598 2420 1756 2446 rumore
1788 2407 1996 2450 secundo!

1059 2533 1144 2578 249
1535 2489 1630 2535 epp.
1665 2479 1704 2522 1.
1737 2479 1804 2523 10.
1836 2479 1876 2524 8.

165 2600 355 2656 Vivere
390 2606 611 2657 naturae
650 2604 695 2657 si
732 2607 1106 2662 convenienter
1141 2611 1351 2675 oportet

164 2689 548 2760 Ponendaeque
585 2692 738 2746 domo
776 2696 1080 2762 quaerenda
1117 2701 1197 2751 est
1234 2714 1360 2751 area
1394 2697 1637 2765 primum,

164 2777 437 2832 Novistine
473 2780 645 2834 locum
683 2782 943 2848 potiorem
980 2803 1104 2839 rure
1140 2785 1340 2840 beato?

164 2862 260 2915 Est
294 2863 386 2917 ubi
417 2864 536 2931 plus
571 2869 789 2933 tepeant
825 2867 1039 2933 hiemeS,
1075 2869 1167 2923 ubi
1205 2869 1407 2939 gratior
1443 2889 1576 2925 aura

163 2947 354 3003 Leniat
389 2954 445 3004 et
479 2952 682 3006 rabiem
723 2953 876 3007 Canis
911 2959 965 3009 et
1001 2961 1269 3010 momenta
1307 2958 1510 3023 LeoniS,

164 3031 295 3085 Cum
330 3034 491 3088 semel
525 3038 730 3104 accepit
767 3037 940 3092 Solem
977 3040 1292 3095 furibundus
1327 3046 1576 3096 acutum?

164 3117 259 3170 Est
288 3118 381 3171 ubi
418 3118 635 3175 divellat
670 3141 877 3179 somnos
914 3127 1086 3181 minus
1126 3128 1308 3182 invida
1344 3135 1507 3183 cura?

163 3203 408 3257 Deterius
447 3205 659 3275 Libycis
697 3210 803 3264 olet
839 3216 931 3265 aut
967 3213 1102 3267 nitet
1137 3215 1306 3269 herba
1342 3216 1577 3283 lapillis?

131 3335 133 3338 .
162 3287 348 3357 Purior
385 3289 442 3341 in
481 3291 607 3343 vicis
643 3312 782 3361 aqua
819 3297 992 3349 tendit
1028 3316 1272 3366 rumpere
1305 3300 1592 3367 plumbum,

115 3417 121 3423 .
162 3374 329 3444 Quam
364 3394 498 3445 quae
536 3396 631 3448 per
666 3398 888 3448 pronum
924 3386 1161 3454 trepidat
1197 3404 1315 3445 cum
1352 3406 1618 3441 murmure
1658 3390 1865 3442 rivum?

1532 3494 1648 3546 epp.
1688 3484 1730 3534 1.
1771 3485 1848 3534 10.
1894 3486 1970 3544 12.
