2332 3776
1036 155 1386 221 *3244

1156 291 1251 337 186.

269 362 459 432 Sperat
498 365 715 429 infestiS‚
755 366 942 418 metuit
977 365 1217 418 secundis

265 452 500 504 Alteram
538 457 732 505 sortem
767 453 901 504 bene
938 457 1312 518 praeparatum

268 538 470 592 Pectus,
544 538 800 590 Informes
836 538 1035 589 hiemes
1068 537 1274 590 reducit

546 626 799 692 Iuppiter,
840 625 981 678 idem

270 711 582 766 Summovet.
658 711 775 764 Non
813 712 855 763 si
895 711 1032 763 male
1068 730 1218 775 nuno,
1258 717 1312 765 et
1350 713 1475 765 olim

268 799 354 852 Sic
395 800 523 853 erit:
564 799 830 867 quondam
868 800 1074 852 cithara
1113 805 1379 854 tacentem

268 883 496 937 Suscitat
532 885 738 937 Musam
774 903 943 953 neque
981 903 1189 953 semper
1221 904 1402 939 arcum

550 972 740 1026 Tendit
772 972 976 1039 ApolIO.

267 1060 444 1114 Rebus
479 1061 714 1128 angustis
751 1060 1017 1112 animosus
1053 1065 1212 1129 atque

268 1144 442 1198 Fortis
480 1162 705 1211 appare3
741 1146 1007 1212 sapienter
1043 1145 1183 1199 idem

272 1233 560 1286 Contrahes
595 1238 750 1286 vento
786 1235 1006 1286 nimium
1045 1234 1273 1287 seeundo

548 1319 780 1389 Turgida
817 1320 946 1378 vela.
1021 1318 1179 1374 carm.
1217 1324 1263 1372 2.
1305 1324 1382 1373 10.
1428 1323 1505 1372 13.

1151 1405 1248 1449 187.

271 1479 387 1533 Non
422 1496 626 1546 semper
662 1478 858 1530 imbres
895 1477 1122 1530 nubibus
1158 1475 1396 1542 hispidos

270 1567 490 1620 Manant
524 1566 580 1617 in
617 1582 770 1634 agros
805 1568 895 1616 aut
932 1580 1077 1615 mare
1119 1561 1364 1629 Caspium

412 1652 621 1705 Vexant
656 1650 959 1719 inaequales
993 1647 1255 1715 procellae

545 1738 737 1805 Usque,
776 1741 871 1791 eto.
946 1753 1103 1789 carm.
1144 1740 1189 1788 2.
1231 1739 1277 1788 9.
1322 1739 1364 1787 1.

1159 1820 1255 1864 188.

266 1899 373 1952 Uni
407 1897 654 1949 nimirum
691 1896 788 1948 tibi
824 1899 964 1948 recte
995 1911 1202 1961 semper
1239 1897 1394 1947 erunt
1428 1896 1550 1946 res?
1623 1895 1718 1948 sat.
1746 1896 1793 1947 2.
1833 1897 1880 1946 2.
1922 1896 2034 1946 106.

1154 1977 1250 2021 189.

550 2055 690 2107 Deus
732 2053 862 2106 haec
896 2053 1118 2105 fortasse
1156 2051 1389 2120 benigna

413 2137 650 2190 Reducet
687 2137 743 2188 in
782 2136 958 2189 sedem
996 2137 1136 2189 vice!
1211 2134 1362 2203 epod.
1406 2137 1483 2187 13.
1523 2138 1570 2187 7.

1143 2221 1239 2264 190.
1277 2219 1354 2277 (cf.
1378 2233 1421 2263 n.
1446 2219 1559 2273 133.)

271 2295 464 2347 Laetus
498 2295 553 2346 in
590 2312 840 2362 praesens
872 2294 1091 2358 animus,
1128 2293 1267 2362 quod
1305 2293 1448 2346 ultra
1483 2295 1574 2356 est,

272 2379 456 2432 Oderit
492 2399 676 2434 curare
715 2386 768 2434 et
808 2400 1032 2434 amara
1065 2382 1252 2436 lento

268 2466 631 2534 Temperet
666 2470 836 2522 risu:
877 2470 1011 2522 nihil
1045 2475 1125 2523 est
1155 2470 1228 2537 ,ab
1267 2469 1409 2523 omni

552 2552 707 2607 Parte
745 2554 981 2624 beatum!
1059 2572 1218 2609 earm.
1258 2559 1303 2608 2.
1348 2558 1426 2625 16.
1466 2559 1547 2609 25.

618 2794 740 2863 IV.
799 2795 934 2863 Die
976 2796 1229 2864 reehte
1271 2794 1796 2864 Lebenskunst.

821 2915 870 2966 a)
900 2914 1060 2958 Der
1089 2914 1360 2958 leiehte
1390 2907 1588 2958 Sin'n.

574 2999 633 3070 α)
683 2999 817 3054 Der
864 3001 1061 3053 nicht
1105 2998 1394 3068 griibelt
1440 2998 1614 3050 ohne
1659 2996 1855 3050 Noth.

1202 3103 1348 3143 Musis
1381 3101 1538 3141 amicus
1571 3101 1783 3141 tristitiam
1817 3110 1855 3141 et
1883 3110 2007 3142 metus

1208 3177 1249 3217 T
1246 3178 1394 3217 radam
1421 3176 1629 3228 protervis
1661 3176 1702 3215 in
1729 3190 1841 3216 mare
1874 3175 2071 3217 Creticum

1318 3247 1497 3286 Portare
1529 3247 1671 3288 ventis.
1741 3256 1874 3287 carm.
1906 3245 1944 3288 1.
1977 3245 2046 3289 26.
2080 3246 2119 3288 1.

1156 3320 1251 3362 191.

278 3394 604 3446 Immortalia
637 3412 703 3446 ne
739 3411 928 3460 speres
964 3397 1142 3445 monet
1179 3409 1346 3444 annus
1383 3395 1438 3444 et
1473 3392 1667 3445 almum

418 3479 562 3542 Quae
597 3480 740 3547 rapit
775 3480 907 3532 hora
940 3478 1096 3533 diem.
1166 3495 1322 3531 carm.
1359 3485 1405 3532 4.
1447 3483 1491 3533 7.
1535 3485 1579 3534 7.
