<?xml version="1.0" encoding="UTF-8"?>
<!DOCTYPE html PUBLIC "-//W3C//DTD XHTML 1.0 Transitional//EN"
    "http://www.w3.org/TR/xhtml1/DTD/xhtml1-transitional.dtd">
<html xmlns="http://www.w3.org/1999/xhtml" xml:lang="en" lang="en">
 <head>
  <title>
</title>
<meta http-equiv="Content-Type" content="text/html;charset=utf-8" />
  <meta name='ocr-system' content='tesseract 3.04.00' />
  <meta name='ocr-capabilities' content='ocr_page ocr_carea ocr_par ocr_line ocrx_word'/>
</head>
<body>
  <div class='ocr_page' id='page_1' title='image "./dielebensweishei00horauoft/dielebensweishei00horauoft_0015.png"; bbox 0 0 2288 3762; ppageno 0'>
   <div class='ocr_carea' id='block_1_1' title="bbox 999 142 1352 192">
    <p class='ocr_par' dir='ltr' id='par_1_1' title="bbox 999 142 1352 192">
     <span class='ocr_line' id='line_1_1' title="bbox 999 142 1352 192; baseline -0.003 -15"><span class='ocrx_word' id='word_1_1' title='bbox 999 142 1352 192; x_wconf 74' lang='grc'>...11-</span> 
     </span>
    </p>
   </div>
   <div class='ocr_carea' id='block_1_2' title="bbox 878 268 1564 390">
    <p class='ocr_par' dir='ltr' id='par_1_2' title="bbox 878 268 1564 390">
     <span class='ocr_line' id='line_1_2' title="bbox 1150 268 1219 311; baseline 0 0"><span class='ocrx_word' id='word_1_2' title='bbox 1150 268 1219 311; x_wconf 80' lang='lat'>27.</span> 
     </span>
     <span class='ocr_line' id='line_1_3' title="bbox 878 335 1564 390; baseline 0.001 -1"><span class='ocrx_word' id='word_1_3' title='bbox 878 335 1071 389; x_wconf 83' lang='lat' dir='ltr'><strong>Omnes</strong></span> <span class='ocrx_word' id='word_1_4' title='bbox 1108 355 1212 390; x_wconf 85' lang='lat' dir='ltr'>una</span> <span class='ocrx_word' id='word_1_5' title='bbox 1249 341 1428 390; x_wconf 89' lang='lat' dir='ltr'>manet</span> <span class='ocrx_word' id='word_1_6' title='bbox 1459 355 1564 390; x_wconf 86' lang='lat' dir='ltr'>nox</span> 
     </span>
    </p>
   </div>
   <div class='ocr_carea' id='block_1_3' title="bbox 350 423 1751 552">
    <p class='ocr_par' dir='ltr' id='par_1_3' title="bbox 350 423 1751 552">
     <span class='ocr_line' id='line_1_4' title="bbox 350 423 1751 489; baseline -0.001 -8"><span class='ocrx_word' id='word_1_7' title='bbox 350 427 421 481; x_wconf 88' lang='lat' dir='ltr'>Et</span> <span class='ocrx_word' id='word_1_8' title='bbox 455 423 709 480; x_wconf 85' lang='lat' dir='ltr'>calcanda</span> <span class='ocrx_word' id='word_1_9' title='bbox 743 423 905 478; x_wconf 90' lang='lat' dir='ltr'>semel</span> <span class='ocrx_word' id='word_1_10' title='bbox 939 424 1026 477; x_wconf 88' lang='lat' dir='ltr'>via</span> <span class='ocrx_word' id='word_1_11' title='bbox 1055 424 1162 478; x_wconf 88' lang='lat' dir='ltr'>leti.</span> <span class='ocrx_word' id='word_1_12' title='bbox 1239 442 1394 478; x_wconf 88' lang='lat' dir='ltr'>carm.</span> <span class='ocrx_word' id='word_1_13' title='bbox 1443 430 1483 479; x_wconf 91' lang='lat'>1.</span> <span class='ocrx_word' id='word_1_14' title='bbox 1525 430 1625 489; x_wconf 66' lang='lat'>28„</span> <span class='ocrx_word' id='word_1_15' title='bbox 1673 429 1751 479; x_wconf 83' lang='lat'>15.</span> 
     </span>
     <span class='ocr_line' id='line_1_5' title="bbox 1157 508 1226 552; baseline -0.014 0"><span class='ocrx_word' id='word_1_16' title='bbox 1157 508 1226 552; x_wconf 83' lang='lat'>28.</span> 
     </span>
    </p>
   </div>
   <div class='ocr_carea' id='block_1_4' title="bbox 348 579 1930 650">
    <p class='ocr_par' dir='ltr' id='par_1_4' title="bbox 348 579 1930 650">
     <span class='ocr_line' id='line_1_6' title="bbox 348 579 1930 650; baseline -0.002 -15"><span class='ocrx_word' id='word_1_17' title='bbox 348 579 555 635; x_wconf 87' lang='lat' dir='ltr'>Pallida</span> <span class='ocrx_word' id='word_1_18' title='bbox 589 596 729 633; x_wconf 90' lang='lat' dir='ltr'>mors</span> <span class='ocrx_word' id='word_1_19' title='bbox 764 597 932 649; x_wconf 90' lang='lat' dir='ltr'>aequo</span> <span class='ocrx_word' id='word_1_20' title='bbox 967 580 1145 648; x_wconf 90' lang='lat' dir='ltr'>pulsat</span> <span class='ocrx_word' id='word_1_21' title='bbox 1182 581 1314 648; x_wconf 90' lang='lat' dir='ltr'>pede</span> <span class='ocrx_word' id='word_1_22' title='bbox 1352 599 1646 650; x_wconf 89' lang='lat' dir='ltr'>pauperum</span> <span class='ocrx_word' id='word_1_23' title='bbox 1681 581 1930 635; x_wconf 77' lang='lat' dir='ltr'>tabernas</span> 
     </span>
    </p>
   </div>
   <div class='ocr_carea' id='block_1_5' title="bbox 492 668 1549 737">
    <p class='ocr_par' dir='ltr' id='par_1_5' title="bbox 492 668 1549 737">
     <span class='ocr_line' id='line_1_7' title="bbox 492 668 1549 737; baseline 0.002 -16"><span class='ocrx_word' id='word_1_24' title='bbox 492 668 800 737; x_wconf 86' lang='lat' dir='ltr'>Regumque</span> <span class='ocrx_word' id='word_1_25' title='bbox 836 671 1022 721; x_wconf 78' lang='lat' dir='ltr'>turres,</span> <span class='ocrx_word' id='word_1_26' title='bbox 1096 674 1340 734; x_wconf 64' lang='lat' dir='ltr'>carm.,1.</span> <span class='ocrx_word' id='word_1_27' title='bbox 1379 674 1427 723; x_wconf 88' lang='grc'>4.</span> <span class='ocrx_word' id='word_1_28' title='bbox 1473 672 1549 723; x_wconf 86' lang='grc'>13.</span> 
     </span>
    </p>
   </div>
   <div class='ocr_carea' id='block_1_6' title="bbox 353 757 1216 868">
    <p class='ocr_par' dir='ltr' id='par_1_6' title="bbox 353 757 1216 868">
     <span class='ocr_line' id='line_1_8' title="bbox 353 757 1216 868; baseline -0.002 -1"><span class='ocrx_word' id='word_1_29' title='bbox 353 813 513 867; x_wconf 85' lang='lat' dir='ltr'>Nulla</span> <span class='ocrx_word' id='word_1_30' title='bbox 550 814 744 868; x_wconf 79' lang='lat' dir='ltr'>certior</span> <span class='ocrx_word' id='word_1_31' title='bbox 781 817 963 866; x_wconf 89' lang='lat' dir='ltr'>tamen</span> <span class='ocrx_word' id='word_1_32' title='bbox 1147 757 1216 801; x_wconf 81' lang='lat'>29.</span> 
     </span>
    </p>
   </div>
   <div class='ocr_carea' id='block_1_7' title="bbox 350 898 1811 1228">
    <p class='ocr_par' dir='ltr' id='par_1_7' title="bbox 355 898 1328 1041">
     <span class='ocr_line' id='line_1_9' title="bbox 497 898 1328 967; baseline 0.001 -15"><span class='ocrx_word' id='word_1_33' title='bbox 497 899 725 967; x_wconf 84' lang='lat' dir='ltr'>Rapacis</span> <span class='ocrx_word' id='word_1_34' title='bbox 759 898 882 952; x_wconf 91' lang='lat' dir='ltr'>Orci</span> <span class='ocrx_word' id='word_1_35' title='bbox 918 898 1024 953; x_wconf 92' lang='lat' dir='ltr'>fine</span> <span class='ocrx_word' id='word_1_36' title='bbox 1061 900 1328 954; x_wconf 89' lang='lat' dir='ltr'>destinata</span> 
     </span>
     <span class='ocr_line' id='line_1_10' title="bbox 355 984 966 1041; baseline 0.002 -3"><span class='ocrx_word' id='word_1_37' title='bbox 355 984 492 1039; x_wconf 85' lang='lat' dir='ltr'>Aula</span> <span class='ocrx_word' id='word_1_38' title='bbox 529 985 748 1039; x_wconf 87' lang='lat' dir='ltr'>divitem</span> <span class='ocrx_word' id='word_1_39' title='bbox 783 991 966 1041; x_wconf 88' lang='lat' dir='ltr'>manet</span> 
     </span>
    </p>

    <p class='ocr_par' dir='ltr' id='par_1_8' title="bbox 350 1069 1811 1228">
     <span class='ocr_line' id='line_1_11' title="bbox 494 1069 1811 1141; baseline -0.003 -16"><span class='ocrx_word' id='word_1_40' title='bbox 494 1072 710 1128; x_wconf 86' lang='lat' dir='ltr'>Herum.</span> <span class='ocrx_word' id='word_1_41' title='bbox 784 1073 927 1137; x_wconf 86' lang='lat' dir='ltr'>Quid</span> <span class='ocrx_word' id='word_1_42' title='bbox 963 1074 1106 1127; x_wconf 89' lang='lat' dir='ltr'>ultra</span> <span class='ocrx_word' id='word_1_43' title='bbox 1146 1073 1360 1126; x_wconf 80' lang='lat' dir='ltr'>tendis?</span> <span class='ocrx_word' id='word_1_44' title='bbox 1432 1073 1619 1141; x_wconf 89' lang='lat' dir='ltr'>Aequa</span> <span class='ocrx_word' id='word_1_45' title='bbox 1655 1069 1811 1124; x_wconf 89' lang='lat' dir='ltr'>tellus</span> 
     </span>
     <span class='ocr_line' id='line_1_12' title="bbox 350 1159 906 1228; baseline 0 -15"><span class='ocrx_word' id='word_1_46' title='bbox 350 1159 577 1228; x_wconf 86' lang='lat' dir='ltr'>Pauperi</span> <span class='ocrx_word' id='word_1_47' title='bbox 614 1160 906 1214; x_wconf 82' lang='lat' dir='ltr'>recluditur</span> 
     </span>
    </p>
   </div>
   <div class='ocr_carea' id='block_1_8' title="bbox 354 1248 2097 2668">
    <p class='ocr_par' dir='ltr' id='par_1_9' title="bbox 354 1248 2097 2668">
     <span class='ocr_line' id='line_1_13' title="bbox 494 1248 1581 1318; baseline -0.001 -16"><span class='ocrx_word' id='word_1_48' title='bbox 494 1248 802 1318; x_wconf 88' lang='lat' dir='ltr'>Regumque</span> <span class='ocrx_word' id='word_1_49' title='bbox 838 1248 1030 1317; x_wconf 90' lang='lat' dir='ltr'>pueris.</span> <span class='ocrx_word' id='word_1_50' title='bbox 1104 1266 1261 1302; x_wconf 89' lang='lat' dir='ltr'>carm.</span> <span class='ocrx_word' id='word_1_51' title='bbox 1299 1255 1346 1304; x_wconf 87' lang='lat'>2.</span> <span class='ocrx_word' id='word_1_52' title='bbox 1386 1255 1463 1304; x_wconf 80' lang='lat'>18.</span> <span class='ocrx_word' id='word_1_53' title='bbox 1499 1253 1581 1303; x_wconf 88' lang='lat'>29.</span> 
     </span>
     <span class='ocr_line' id='line_1_14' title="bbox 361 1337 1236 1460; baseline -0.002 -13"><span class='ocrx_word' id='word_1_54' title='bbox 361 1392 582 1447; x_wconf 83' lang='lat' dir='ltr'>Intactis</span> <span class='ocrx_word' id='word_1_55' title='bbox 619 1393 920 1460; x_wconf 90' lang='lat' dir='ltr'>opulentior</span> <span class='ocrx_word' id='word_1_56' title='bbox 1168 1337 1236 1381; x_wconf 75' lang='lat'>30.</span> 
     </span>
     <span class='ocr_line' id='line_1_15' title="bbox 501 1475 1586 1532; baseline -0.001 -2"><span class='ocrx_word' id='word_1_57' title='bbox 501 1478 784 1532; x_wconf 88' lang='lat' dir='ltr'>Thesauris</span> <span class='ocrx_word' id='word_1_58' title='bbox 822 1478 1059 1531; x_wconf 89' lang='lat' dir='ltr'>Arabum</span> <span class='ocrx_word' id='word_1_59' title='bbox 1096 1481 1151 1531; x_wconf 90' lang='lat' dir='ltr'>et</span> <span class='ocrx_word' id='word_1_60' title='bbox 1185 1476 1364 1529; x_wconf 88' lang='lat' dir='ltr'>divitis</span> <span class='ocrx_word' id='word_1_61' title='bbox 1401 1475 1586 1529; x_wconf 89' lang='lat' dir='ltr'>Indiae</span> 
     </span>
     <span class='ocr_line' id='line_1_16' title="bbox 358 1562 1072 1631; baseline -0.001 -13"><span class='ocrx_word' id='word_1_62' title='bbox 358 1562 657 1618; x_wconf 86' lang='lat' dir='ltr'>Caementis</span> <span class='ocrx_word' id='word_1_63' title='bbox 687 1564 814 1617; x_wconf 90' lang='lat' dir='ltr'>licet</span> <span class='ocrx_word' id='word_1_64' title='bbox 849 1581 1072 1631; x_wconf 89' lang='lat' dir='ltr'>occupes</span> 
     </span>
     <span class='ocr_line' id='line_1_17' title="bbox 497 1650 1790 1721; baseline 0.002 -17"><span class='ocrx_word' id='word_1_65' title='bbox 497 1651 827 1721; x_wconf 87' lang='lat' dir='ltr'>Tyrrhenum</span> <span class='ocrx_word' id='word_1_66' title='bbox 875 1669 1029 1706; x_wconf 90' lang='lat' dir='ltr'>omne</span> <span class='ocrx_word' id='word_1_67' title='bbox 1066 1652 1172 1705; x_wconf 91' lang='lat' dir='ltr'>tuis</span> <span class='ocrx_word' id='word_1_68' title='bbox 1208 1655 1262 1706; x_wconf 93' lang='lat' dir='ltr'>et</span> <span class='ocrx_word' id='word_1_69' title='bbox 1297 1669 1444 1705; x_wconf 86' lang='lat' dir='ltr'>mare</span> <span class='ocrx_word' id='word_1_70' title='bbox 1483 1650 1790 1718; x_wconf 82' lang='lat' dir='ltr'>Apulicum3</span> 
     </span>
     <span class='ocr_line' id='line_1_18' title="bbox 359 1736 968 1807; baseline -0.005 -15"><span class='ocrx_word' id='word_1_71' title='bbox 359 1737 415 1792; x_wconf 84' lang='lat' dir='ltr'>Si</span> <span class='ocrx_word' id='word_1_72' title='bbox 449 1737 568 1807; x_wconf 87' lang='lat' dir='ltr'>figit</span> <span class='ocrx_word' id='word_1_73' title='bbox 601 1736 968 1790; x_wconf 90' lang='lat' dir='ltr'>adamantinos</span> 
     </span>
     <span class='ocr_line' id='line_1_19' title="bbox 502 1822 1536 1878; baseline 0.002 -2"><span class='ocrx_word' id='word_1_74' title='bbox 502 1822 728 1877; x_wconf 86' lang='lat' dir='ltr'>Summis</span> <span class='ocrx_word' id='word_1_75' title='bbox 761 1825 1044 1878; x_wconf 88' lang='lat' dir='ltr'>verticibus</span> <span class='ocrx_word' id='word_1_76' title='bbox 1081 1825 1200 1878; x_wconf 89' lang='lat' dir='ltr'>dira</span> <span class='ocrx_word' id='word_1_77' title='bbox 1236 1824 1536 1878; x_wconf 86' lang='lat' dir='ltr'>Necessitas</span> 
     </span>
     <span class='ocr_line' id='line_1_20' title="bbox 358 1913 1165 1976; baseline -0.001 -8"><span class='ocrx_word' id='word_1_78' title='bbox 358 1913 557 1975; x_wconf 85' lang='lat' dir='ltr'>clavos,</span> <span class='ocrx_word' id='word_1_79' title='bbox 589 1930 696 1965; x_wconf 91' lang='lat' dir='ltr'>non</span> <span class='ocrx_word' id='word_1_80' title='bbox 738 1914 973 1967; x_wconf 91' lang='lat' dir='ltr'>animum</span> <span class='ocrx_word' id='word_1_81' title='bbox 1007 1918 1165 1976; x_wconf 77' lang='lat' dir='ltr'>metU,</span> 
     </span>
     <span class='ocr_line' id='line_1_21' title="bbox 499 1998 2097 2070; baseline 0.001 -18"><span class='ocrx_word' id='word_1_82' title='bbox 499 1998 618 2052; x_wconf 91' lang='lat' dir='ltr'>Non</span> <span class='ocrx_word' id='word_1_83' title='bbox 650 2000 835 2052; x_wconf 89' lang='lat' dir='ltr'>mortis</span> <span class='ocrx_word' id='word_1_84' title='bbox 871 2000 1075 2070; x_wconf 85' lang='lat' dir='ltr'>laqueis</span> <span class='ocrx_word' id='word_1_85' title='bbox 1113 2001 1360 2069; x_wconf 85' lang='lat' dir='ltr'>expedies</span> <span class='ocrx_word' id='word_1_86' title='bbox 1395 2004 1568 2070; x_wconf 88' lang='lat' dir='ltr'>caput.</span> <span class='ocrx_word' id='word_1_87' title='bbox 1642 2018 1801 2055; x_wconf 89' lang='lat' dir='ltr'>carm.</span> <span class='ocrx_word' id='word_1_88' title='bbox 1841 2003 1887 2055; x_wconf 87' lang='lat'>3.</span> <span class='ocrx_word' id='word_1_89' title='bbox 1926 2001 2007 2052; x_wconf 80' lang='lat'>24.</span> <span class='ocrx_word' id='word_1_90' title='bbox 2052 2003 2097 2053; x_wconf 91' lang='lat'>1.</span> 
     </span>
     <span class='ocr_line' id='line_1_22' title="bbox 1163 2094 1231 2138; baseline -0.029 0"><span class='ocrx_word' id='word_1_91' title='bbox 1163 2094 1231 2138; x_wconf 88' lang='lat'>31.</span> 
     </span>
     <span class='ocr_line' id='line_1_23' title="bbox 363 2169 1349 2237; baseline 0.002 -14"><span class='ocrx_word' id='word_1_92' title='bbox 363 2169 592 2224; x_wconf 85' lang='lat' dir='ltr'>Divesne</span> <span class='ocrx_word' id='word_1_93' title='bbox 625 2169 800 2237; x_wconf 85' lang='lat' dir='ltr'>prisco</span> <span class='ocrx_word' id='word_1_94' title='bbox 838 2174 993 2223; x_wconf 88' lang='lat' dir='ltr'>natus</span> <span class='ocrx_word' id='word_1_95' title='bbox 1030 2171 1097 2224; x_wconf 90' lang='lat' dir='ltr'>ab</span> <span class='ocrx_word' id='word_1_96' title='bbox 1137 2171 1349 2236; x_wconf 88' lang='lat' dir='ltr'>Inach0,</span> 
     </span>
     <span class='ocr_line' id='line_1_24' title="bbox 359 2257 1381 2326; baseline 0.001 -15"><span class='ocrx_word' id='word_1_97' title='bbox 359 2257 451 2312; x_wconf 88' lang='lat' dir='ltr'>Nil</span> <span class='ocrx_word' id='word_1_98' title='bbox 486 2258 724 2320; x_wconf 88' lang='lat' dir='ltr'>interest,</span> <span class='ocrx_word' id='word_1_99' title='bbox 763 2276 831 2311; x_wconf 89' lang='lat' dir='ltr'>an</span> <span class='ocrx_word' id='word_1_100' title='bbox 867 2275 1071 2326; x_wconf 90' lang='lat' dir='ltr'>pauper</span> <span class='ocrx_word' id='word_1_101' title='bbox 1108 2263 1161 2311; x_wconf 91' lang='lat' dir='ltr'>et</span> <span class='ocrx_word' id='word_1_102' title='bbox 1197 2258 1381 2312; x_wconf 88' lang='lat' dir='ltr'>infima</span> 
     </span>
     <span class='ocr_line' id='line_1_25' title="bbox 504 2344 1341 2413; baseline 0 -16"><span class='ocrx_word' id='word_1_103' title='bbox 504 2345 583 2399; x_wconf 92' lang='lat' dir='ltr'>De</span> <span class='ocrx_word' id='word_1_104' title='bbox 621 2347 779 2413; x_wconf 84' lang='lat' dir='ltr'>gente</span> <span class='ocrx_word' id='word_1_105' title='bbox 815 2344 911 2398; x_wconf 90' lang='lat' dir='ltr'>sub</span> <span class='ocrx_word' id='word_1_106' title='bbox 950 2344 1070 2397; x_wconf 83' lang='lat' dir='ltr'>divo</span> <span class='ocrx_word' id='word_1_107' title='bbox 1106 2345 1341 2408; x_wconf 88' lang='lat' dir='ltr'>moreris,</span> 
     </span>
     <span class='ocr_line' id='line_1_26' title="bbox 645 2430 1503 2485; baseline 0 -1"><span class='ocrx_word' id='word_1_108' title='bbox 645 2431 880 2485; x_wconf 88' lang='lat' dir='ltr'>Victima</span> <span class='ocrx_word' id='word_1_109' title='bbox 916 2431 996 2483; x_wconf 91' lang='lat' dir='ltr'>nil</span> <span class='ocrx_word' id='word_1_110' title='bbox 1031 2431 1332 2484; x_wconf 89' lang='lat' dir='ltr'>miserantis</span> <span class='ocrx_word' id='word_1_111' title='bbox 1367 2430 1503 2484; x_wconf 91' lang='lat' dir='ltr'>Orci.</span> 
     </span>
     <span class='ocr_line' id='line_1_27' title="bbox 354 2519 1331 2588; baseline -0.006 -11"><span class='ocrx_word' id='word_1_112' title='bbox 354 2521 549 2577; x_wconf 89' lang='lat' dir='ltr'>Omnes</span> <span class='ocrx_word' id='word_1_113' title='bbox 586 2521 772 2576; x_wconf 92' lang='lat' dir='ltr'>eodem</span> <span class='ocrx_word' id='word_1_114' title='bbox 808 2519 1056 2588; x_wconf 84' lang='lat' dir='ltr'>cogimur,</span> <span class='ocrx_word' id='word_1_115' title='bbox 1096 2520 1331 2572; x_wconf 91' lang='lat' dir='ltr'>omnium</span> 
     </span>
     <span class='ocr_line' id='line_1_28' title="bbox 360 2610 1177 2668; baseline -0.007 0"><span class='ocrx_word' id='word_1_116' title='bbox 360 2613 622 2668; x_wconf 85' lang='lat' dir='ltr'>Versatur</span> <span class='ocrx_word' id='word_1_117' title='bbox 653 2628 791 2664; x_wconf 89' lang='lat' dir='ltr'>urna</span> <span class='ocrx_word' id='word_1_118' title='bbox 827 2611 995 2665; x_wconf 91' lang='lat' dir='ltr'>serius</span> <span class='ocrx_word' id='word_1_119' title='bbox 1031 2610 1177 2663; x_wconf 89' lang='lat' dir='ltr'>ocius</span> 
     </span>
    </p>
   </div>
   <div class='ocr_carea' id='block_1_9' title="bbox 256 2700 2020 3337">
    <p class='ocr_par' dir='ltr' id='par_1_10' title="bbox 256 2700 2020 3337">
     <span class='ocr_line' id='line_1_29' title="bbox 504 2700 1497 2756; baseline -0.007 0"><span class='ocrx_word' id='word_1_120' title='bbox 504 2701 627 2756; x_wconf 88' lang='lat' dir='ltr'>Sors</span> <span class='ocrx_word' id='word_1_121' title='bbox 663 2700 871 2754; x_wconf 85' lang='lat' dir='ltr'>exitura</span> <span class='ocrx_word' id='word_1_122' title='bbox 907 2704 962 2755; x_wconf 91' lang='lat' dir='ltr'>et</span> <span class='ocrx_word' id='word_1_123' title='bbox 994 2717 1090 2754; x_wconf 92' lang='lat' dir='ltr'>nos</span> <span class='ocrx_word' id='word_1_124' title='bbox 1124 2700 1182 2753; x_wconf 91' lang='lat' dir='ltr'>in</span> <span class='ocrx_word' id='word_1_125' title='bbox 1222 2702 1497 2753; x_wconf 89' lang='lat' dir='ltr'>aeternum</span> 
     </span>
     <span class='ocr_line' id='line_1_30' title="bbox 639 2777 2020 2853; baseline -0.008 -15"><span class='ocrx_word' id='word_1_126' title='bbox 639 2785 874 2838; x_wconf 86' lang='lat' dir='ltr'>Exilium</span> <span class='ocrx_word' id='word_1_127' title='bbox 910 2784 1226 2853; x_wconf 89' lang='lat' dir='ltr'>impositura</span> <span class='ocrx_word' id='word_1_128' title='bbox 1261 2782 1495 2852; x_wconf 82' lang='lat' dir='ltr'>cymbae.</span> <span class='ocrx_word' id='word_1_129' title='bbox 1570 2796 1727 2832; x_wconf 89' lang='lat' dir='ltr'>carm.</span> <span class='ocrx_word' id='word_1_130' title='bbox 1767 2780 1815 2831; x_wconf 91' lang='lat'>2.</span> <span class='ocrx_word' id='word_1_131' title='bbox 1856 2779 1901 2830; x_wconf 89' lang='lat'>3.</span> <span class='ocrx_word' id='word_1_132' title='bbox 1936 2777 2020 2827; x_wconf 89' lang='lat'>21.</span> 
     </span>
     <span class='ocr_line' id='line_1_31' title="bbox 628 2871 1231 2915; baseline -0.012 4"><span class='ocrx_word' id='word_1_133' title='bbox 628 2874 633 2878; x_wconf 57' lang='lat'><strong>⁴</strong></span> <span class='ocrx_word' id='word_1_134' title='bbox 1162 2871 1231 2915; x_wconf 75' lang='lat'>32.</span> 
     </span>
     <span class='ocr_line' id='line_1_32' title="bbox 256 2941 1545 3019; baseline -0.008 -17"><span class='ocrx_word' id='word_1_135' title='bbox 256 2949 316 3019; x_wconf 82' lang='lat' dir='ltr'>y)</span> <span class='ocrx_word' id='word_1_136' title='bbox 364 2946 560 3001; x_wconf 87' lang='lat' dir='ltr'>Lusisti</span> <span class='ocrx_word' id='word_1_137' title='bbox 594 2946 743 3010; x_wconf 81' lang='lat' dir='ltr'>satiS,</span> <span class='ocrx_word' id='word_1_138' title='bbox 782 2945 941 3000; x_wconf 90' lang='lat' dir='ltr'>edisti</span> <span class='ocrx_word' id='word_1_139' title='bbox 980 2946 1108 2999; x_wconf 87' lang='lat' dir='ltr'>satis</span> <span class='ocrx_word' id='word_1_140' title='bbox 1142 2952 1301 3013; x_wconf 86' lang='lat' dir='ltr'>atque</span> <span class='ocrx_word' id='word_1_141' title='bbox 1338 2941 1545 2995; x_wconf 87' lang='lat' dir='ltr'>bibisti:</span> 
     </span>
     <span class='ocr_line' id='line_1_33' title="bbox 366 3033 1565 3102; baseline -0.006 -13"><span class='ocrx_word' id='word_1_142' title='bbox 366 3035 594 3102; x_wconf 89' lang='lat' dir='ltr'>Tempus</span> <span class='ocrx_word' id='word_1_143' title='bbox 629 3035 778 3088; x_wconf 88' lang='lat' dir='ltr'>abire</span> <span class='ocrx_word' id='word_1_144' title='bbox 813 3033 915 3087; x_wconf 90' lang='lat' dir='ltr'>tibi</span> <span class='ocrx_word' id='word_1_145' title='bbox 950 3037 1045 3088; x_wconf 90' lang='lat' dir='ltr'>est.</span> <span class='ocrx_word' id='word_1_146' title='bbox 1120 3050 1238 3100; x_wconf 91' lang='lat' dir='ltr'>epp.</span> <span class='ocrx_word' id='word_1_147' title='bbox 1273 3037 1319 3086; x_wconf 82' lang='lat'>2.</span> <span class='ocrx_word' id='word_1_148' title='bbox 1361 3035 1409 3085; x_wconf 88' lang='lat'>2.</span> <span class='ocrx_word' id='word_1_149' title='bbox 1447 3033 1565 3082; x_wconf 85' lang='lat'><strong>214.</strong></span> 
     </span>
     <span class='ocr_line' id='line_1_34' title="bbox 364 3119 1793 3255; baseline -0.006 -12"><span class='ocrx_word' id='word_1_150' title='bbox 364 3189 493 3243; x_wconf 91' lang='lat' dir='ltr'>Cum</span> <span class='ocrx_word' id='word_1_151' title='bbox 525 3189 686 3243; x_wconf 86' lang='lat' dir='ltr'>semel</span> <span class='ocrx_word' id='word_1_152' title='bbox 734 3190 988 3244; x_wconf 90' lang='lat' dir='ltr'>occideris</span> <span class='ocrx_word' id='word_1_153' title='bbox 1025 3193 1079 3244; x_wconf 91' lang='lat' dir='ltr'>et</span> <span class='ocrx_word' id='word_1_154' title='bbox 1114 3119 1268 3242; x_wconf 50' lang='lat' dir='ltr'>desste</span> <span class='ocrx_word' id='word_1_155' title='bbox 1308 3185 1585 3255; x_wconf 87' lang='lat' dir='ltr'>splendida</span> <span class='ocrx_word' id='word_1_156' title='bbox 1622 3183 1793 3236; x_wconf 85' lang='lat' dir='ltr'>Minos</span> 
     </span>
     <span class='ocr_line' id='line_1_35' title="bbox 507 3273 988 3337; baseline 0.002 -12"><span class='ocrx_word' id='word_1_157' title='bbox 507 3273 718 3326; x_wconf 88' lang='lat' dir='ltr'>Fecerit</span> <span class='ocrx_word' id='word_1_158' title='bbox 752 3273 988 3337; x_wconf 89' lang='lat' dir='ltr'>arbitria,</span> 
     </span>
    </p>
   </div>
   <div class='ocr_carea' id='block_1_10' title="bbox 361 3355 1780 3523">
    <p class='ocr_par' dir='ltr' id='par_1_11' title="bbox 361 3355 1780 3523">
     <span class='ocr_line' id='line_1_36' title="bbox 361 3355 1780 3429; baseline -0.003 -16"><span class='ocrx_word' id='word_1_159' title='bbox 361 3359 491 3423; x_wconf 86' lang='lat' dir='ltr'>Non,</span> <span class='ocrx_word' id='word_1_160' title='bbox 529 3359 807 3428; x_wconf 87' lang='lat' dir='ltr'>Torquate,</span> <span class='ocrx_word' id='word_1_161' title='bbox 840 3377 1016 3429; x_wconf 87' lang='lat' dir='ltr'>genus,</span> <span class='ocrx_word' id='word_1_162' title='bbox 1053 3377 1159 3411; x_wconf 91' lang='lat' dir='ltr'>non</span> <span class='ocrx_word' id='word_1_163' title='bbox 1194 3361 1247 3411; x_wconf 89' lang='lat' dir='ltr'>te</span> <span class='ocrx_word' id='word_1_164' title='bbox 1289 3355 1548 3418; x_wconf 88' lang='lat' dir='ltr'>facundia,</span> <span class='ocrx_word' id='word_1_165' title='bbox 1587 3372 1691 3408; x_wconf 87' lang='lat' dir='ltr'>non</span> <span class='ocrx_word' id='word_1_166' title='bbox 1728 3355 1780 3409; x_wconf 74' lang='lat' dir='ltr'>te</span> 
     </span>
     <span class='ocr_line' id='line_1_37' title="bbox 414 3446 1517 3523; baseline 0.002 -23"><span class='ocrx_word' id='word_1_167' title='bbox 414 3447 418 3450; x_wconf 82' lang='grc'><strong>’</strong></span> <span class='ocrx_word' id='word_1_168' title='bbox 506 3446 773 3504; x_wconf 87' lang='lat' dir='ltr'>Restituet</span> <span class='ocrx_word' id='word_1_169' title='bbox 803 3447 991 3523; x_wconf 75' lang='lat' dir='ltr'>pietas.</span> <span class='ocrx_word' id='word_1_170' title='bbox 1064 3464 1223 3505; x_wconf 84' lang='lat' dir='ltr'>carm.</span> <span class='ocrx_word' id='word_1_171' title='bbox 1266 3452 1310 3500; x_wconf 85' lang='grc'>4,.</span> <span class='ocrx_word' id='word_1_172' title='bbox 1353 3449 1396 3501; x_wconf 88' lang='grc'>7.</span> <span class='ocrx_word' id='word_1_173' title='bbox 1435 3449 1517 3504; x_wconf 74' lang='lat'>21.,</span> 
     </span>
    </p>
   </div>
  </div>
 </body>
</html>
