2332 3776
951 152 1305 215 -.38-.-,

1094 282 1192 326 239.

748 355 834 409 Me
868 359 1086 422 pascent
1119 355 1286 411 olivae

191 443 276 496 Me
316 443 558 496 cichorea
593 442 834 511 levesque
871 444 1086 498 malvae.
1153 462 1311 500 carm,
1360 451 1396 499 l.
1438 449 1517 499 31.
1563 450 1643 499 15.

1080 529 1177 574 240.
1239 530 1487 587 (61211175.
1513 532 1630 585 sqq.)

682 584 803 638 Iure
840 587 1119 652 perhorrui

193 668 324 721 Late
358 669 693 735 conspicuum
730 669 914 723 tollere
952 670 1217 725 verticem.
1289 688 1446 725 carm.
1487 675 1532 725 3.
1571 676 1649 726 16.
1694 675 1780 725 18.

1077 757 1172 801 241.

197 813 314 866 Non
351 814 480 867 ebur
512 832 682 881 neque
718 832 937 867 aureum
1113 883 1115 885 ι

342 902 462 956 Mea
496 902 704 955 renidet
739 902 796 953 in
832 901 986 954 domo
1023 902 1256 965 lacunar,

198 991 317 1044 Non
351 991 532 1044 trabes
566 989 868 1059 Hymettiae

340 1077 591 1129 Premunt
626 1075 894 1129 columnas
929 1068 1119 1129 ultima
1152 1076 1346 1130 recisas

199 1163 407 1231 Africa3
445 1183 615 1232 neque
655 1165 822 1218 Attali

343 1252 561 1321 Ignotus
598 1252 751 1306 heres
787 1254 989 1322 regiam
1027 1253 1276 1321 occupavi
1316 1294 1531 1308 .....

203 1339 274 1392 Α1
309 1329 446 1393 111166
475 1344 528 1393 61
563 1340 742 1408 ingeni

343 1424 583 1494 Benigna
620 1443 752 1478 vena
790 1428 869 1478 est
903 1442 1294 1493 pauperemque
1333 1423 1478 1478 dives

202 1511 288 1563 Me
320 1511 480 1577 petit:
519 1511 697 1563 nihil
735 1528 945 1578 supra

345 1598 519 1651 Deos
553 1598 835 1652 lacesso,
911 1615 1068 1652 carm.
1143 1602 1191 1652 2.
1238 1600 1313 1650 18.
1356 1601 1400 1651 1.

885 1719 887 1721 .
1090 1683 1187 1729 242.

206 1738 286 1791 Sit
318 1740 450 1792 mihi
486 1742 626 1808 quod
663 1759 801 1794 nunc
839 1747 938 1806 est,
975 1742 1134 1794 etiam
1172 1743 1364 1806 minus,
1402 1746 1456 1795 et
1493 1741 1659 1794 mihi
1697 1740 1923 1792 vivam

207 1825 356 1887 Quod
394 1831 634 1892 superest
669 1827 796 1890 aevi,
830 1827 874 1878 si
911 1825 1040 1894 quid
1076 1843 1349 1892 superesse
1386 1824 1568 1878 volunt
1603 1823 1674 1879 di.

207 1913 287 1966 Sit
322 1915 462 1968 bona
496 1916 753 1968 librorum
786 1920 839 1969 et
875 1916 1115 1983 provisae
1148 1915 1316 1984 frugis
1352 1915 1409 1966 in
1445 1931 1643 1967 annum

208 2001 370 2069 Copia
405 2021 510 2057 neu
543 2002 747 2056 fluitem
783 2003 974 2057 dubiae
1010 2021 1102 2071 spe
1138 2002 1398 2070 pendulus
1435 2002 1629 2055 horae!

210 2089 313 2143 Sed
346 2091 474 2143 satis
509 2098 589 2144 est
625 2109 777 2145 orare
812 2091 1010 2155 Iovem,
1048 2110 1182 2160 quae
1221 2091 1371 2158 ponit
1408 2094 1462 2143 et
1497 2089 1695 2144 aufert:

208 2178 312 2231 Det
347 2176 538 2242 vitam,
575 2178 666 2232 det
698 2197 835 2246 opes,
910 2180 1151 2248 Aequum
1181 2180 1255 2232 mi
1291 2178 1524 2231 animum
1560 2178 1674 2244 ipse
1711 2176 1926 2244 parabo,

1102 2336 1129 2367 a)
1162 2338 1170 2350 ‘
1541 2281 1658 2331 epp.
1696 2267 1738 2315 1.
1782 2267 1858 2317 18.
1899 2266 2012 2316 107.

206 2388 344 2452 Quid
379 2394 562 2442 voveat
598 2389 739 2442 dulci
777 2390 1041 2444 nutricula
1076 2334 1245 2445 maius
1281 2392 1506 2456 alumnO,

208 2474 309 2536 Qui
346 2474 588 2541 „sapere”
629 2478 682 2527 et
719 2475 850 2538 „fari
890 2477 1056 2543 possit
1088 2495 1222 2544 quae
1258 2477 1481 2542 sentiat'’
1519 2480 1572 2531 et
1607 2476 1693 2530 cui

211 2558 412 2622 Gratia,
450 2558 603 2623 fama,
637 2560 880 2613 valetudo
918 2562 1190 2631 contingat
1224 2562 1433 2616 abunde

210 2646 281 2697 Et
314 2645 540 2698 mundus
577 2647 744 2700 victus
778 2665 882 2700 non
918 2648 1195 2702 deficiente
1228 2654 1514 2702 crumena?
1586 2664 1704 2715 epp
1749 2651 1791 2700 1.
1832 2650 1878 2699 4.
1917 2649 1965 2700 8.

212 2789 351 2852 Quid
383 2788 684 2843 dedicatum
719 2791 890 2858 poscit
926 2734 1226 2858 Apoffiffin

210 2875 409 2929 Vates?
449 2918 459 2928 .
499 2918 510 2928 .

210 2961 366 3023 „Frui
406 2961 607 3027 paratis
642 2965 697 3013 et
732 2961 904 3014 valido
942 2960 1117 3024 mihi'’,

212 3048 397 3112 Lame,
433 3047 596 3101 dones
633 3051 733 3112 „et,
767 3066 966 3115 precor,
1003 3047 1240 3117 integra'’

352 3135 511 3200 „Cum
543 3139 718 3189 mente
757 3153 852 3189 nec
890 3139 1098 3203 turpem
1133 3129 1426 3188 senectam'’

491 3220 724 3289 „Degere
756 3238 851 3273 nec
889 3220 1105 3285 cithara
1131 3219 1459 3272 carentem!’'
1533 3237 1688 3271 carm.
1743 3226 1782 3273 1.
1811 3224 1892 3274 31.
1924 3225 1970 3285 1;
2012 3224 2089 3272 17,

210 3396 583 3462 Pauperies
620 3395 958 3448 immunda
989 3337 1464 3462 doni45'procul
1500 3395 1719 3448 absit:
1778 3414 1874 3465 ego
1912 3399 2088 3455 utrum
2143 3401 2147 3404 “

207 3482 352 3539 Nave
387 3482 529 3539 ferar
560 3502 752 3556 magna
788 3501 856 3538 an
893 3500 1070 3552 parva,
1108 3483 1248 3538 ferar
1285 3501 1429 3542 unus
1457 3487 1510 3537 et
1545 3482 1699 3542 idem,
