2332 3776
977 190 1047 203 -.-
1121 160 1188 219 50
1260 172 1331 203 ...ι

1113 292 1210 338 327.

221 370 355 433 Quid
395 387 500 422 non
537 369 762 424 ebrietas
797 368 1073 438 designat?
1121 367 1319 436 Operta
1352 367 1591 432 recludit,

222 457 350 525 Spes
385 457 532 512 iubet
567 475 679 512 esse
716 461 882 522 ratas„
921 457 988 510 ad
1027 457 1230 524 proelia
1266 456 1435 509 trudit
1470 456 1708 523 inertem,

221 547 469 600 Sollicitis
505 548 695 602 animis
733 565 862 601 onus
902 547 1110 611 eximit,
1151 547 1374 601 addocet
1408 550 1562 601 artes,

220 633 454 687 Fecundi
488 634 675 687 calices
708 651 866 701 quem
899 650 1005 685 non
1041 632 1212 686 fecere
1251 632 1519 696 disertum,

221 713 501 768 Contracta
537 733 692 783 quem
729 733 833 768 non
871 715 927 767 in
961 719 1274 782 paupertate
1312 716 1579 769 solutum?
1618 731 1732 782 epp.
1778 720 1819 770 1.
1861 720 1907 769 5.
1940 719 2018 769 16.

1097 860 1199 907 328.

217 937 288 989 At
323 954 388 991 ne
425 936 543 1004 quis
580 933 774 988 modici
812 933 1081 986 transiliat
1116 950 1336 998 munera
1373 934 1563 1000 Liberi,

219 1021 510 1074 Centaurea
545 1021 724 1071 monet
758 1035 874 1069 cum
912 1016 1154 1083 Lapithis
1189 1017 1308 1071 rixa
1344 1035 1501 1085 super
1538 1035 1682 1072 mero

215 1107 516 1171 Debellata,
556 1109 734 1160 monet
771 1104 1025 1158 Sithoniis
1063 1123 1167 1158 non
1205 1106 1336 1160 levis
1370 1106 1584 1172 Euhius„

217 1193 346 1246 Cum
383 1192 461 1244 sas
500 1195 658 1260 atque
694 1189 842 1243 nefas
880 1190 1068 1259 exiguo
1105 1189 1209 1243 fine
1247 1190 1529 1244 libidinum

213 1283 532 1336 Discernunt
569 1279 724 1334 avidi.
772 1297 930 1332 carm.
971 1286 1012 1333 1.
1058 1283 1134 1334 18.
1175 1286 1221 1334 7.

1096 1384 1192 1428 329.

211 1458 363 1512 Natis
399 1459 455 1510 in
492 1475 643 1510 usum
679 1456 916 1510 laetitiae
956 1457 1165 1528 scyphis

211 1545 450 1615 Pugnare
487 1543 749 1597 Thracum
786 1548 889 1597 est:
929 1545 1098 1599 tollite
1141 1545 1428 1600 barbarum

350 1633 552 1686 Morem
588 1631 1045 1701 verecundumque
1082 1632 1348 1686 Bacchum

493 1720 805 1790 Sanguineis
840 1719 1118 1787 prohibete
1149 1719 1295 1774 rixis,
1336 1737 1494 1774 carm.
1541 1727 1580 1776 1.
1619 1725 1701 1777 27.
1746 1726 1792 1775 1.

1092 1822 1190 1867 330.
1592 1805 1604 1814 '

206 1898 308 1955 Hic
343 1897 749 1952 innocentis
781 1895 971 1963 pocula
1009 1896 1186 1950 Lesbii

205 1990 376 2042 Duces
414 1985 510 2041 sub
551 1984 742 2038 umbra
777 2001 874 2036 nec
913 1982 1201 2037 Semeleius

351 2077 480 2138 Cum
516 2075 708 2135 Marte,
730 2072 1018 2127 confundet
1047 2073 1324 2143 Thyoneus

485 2164 701 2218 Proelia.
750 2181 907 2219 carm.
948 2169 989 2217 1.
1034 2168 1110 2217 17.
1150 2166 1230 2216 21.

1095 2266 1191 2309 331.

349 2344 545 2397 Ternos
579 2347 662 2395 ter
699 2339 915 2410 cyathos
953 2339 1211 2393 attonitus
1246 2342 1393 2407 petet

210 2431 392 2498 Vates3
431 2436 539 2484 tres
574 2429 822 2497 prohibet
854 2447 1015 2497 supra

343 2515 597 2568 Rixarum
637 2517 876 2568 metuens
914 2519 1132 2584 tangere
1169 2514 1355 2568 Gratia

202 2602 368 2655 Nudis
406 2604 587 2656 iuncta
620 2601 898 2657 sororibus,
948 2621 1106 2657 carm.
1145 2607 1190 2656 3.
1236 2606 1312 2656 19.
1360 2606 1435 2656 14.

935 2801 1353 2808 ⁴—-—-—-——-⁴———-—-

1083 2944 1181 2990 332.

1535 3000 1779 3042 Minuentur
1812 3009 1932 3041 atrae

1255 3072 1442 3113 Carmine
1475 3084 1613 3113 curae.
1644 3081 1775 3113 carm,
1806 3068 1847 3111 4.
1878 3069 1947 3111 11.
1966 3065 2046 3123 ,35-

202 3148 294 3218 yy)
339 3147 503 3201 Musis
539 3146 740 3200 amicus
777 3144 1053 3197 tristitiam
1089 3147 1144 3196 et
1175 3146 1344 3196 metus

335 3233 558 3286 Tradam
597 3231 859 3300 protervis
895 3231 951 3282 in
996 3247 1140 3282 mare
1181 3227 1443 3281 Creticum

471 3318 687 3370 Portare
725 3314 909 3369 ventis,
962 3331 1121 3367 carm.
1163 3317 1206 3368 1.
1241 3316 1322 3367 26.
1367 3318 1410 3368 1.

1109 3416 1135 3459 3
1168 3450 1177 3460 .

340 3492 580 3546 Carmine
609 3490 663 3546 di
687 3491 864 3560 superi
889 3415 1179 3559 placanssui,
1207 3487 1437 3542 carmine
1460 3485 1654 3541 Manes
1692 3489 1938 3554 epp.2.1.
1960 3489 2073 3541 138.
