2332 3776
333 359 642 428 Linquenda
675 360 832 412 tellus
869 364 921 413 et
959 287 1182 412 domu?
1180 325 1233 414 et
1269 362 1482 428 placens

329 446 477 501 Uxor
512 464 679 514 neque
711 446 914 507 harum,
952 463 1081 513 quas
1119 445 1258 506 eolis
1297 446 1544 498 arborum

471 531 542 585 Te
575 536 786 599 praeter
817 531 1011 583 invisas
1048 548 1318 598 cupressos

610 618 736 671 Ulla
775 618 987 671 brevem
1021 616 1288 670 dominum
1325 622 1584 686 sequetur.
1661 635 1819 672 carm.
1850 622 1896 672 2.
1922 618 2098 672 1421,

1132 706 1199 750 35.

336 775 498 830 Cedes
534 776 786 842 coemptis
825 775 1043 827 saltibus
1082 778 1135 827 et
1169 773 1322 828 domo

332 857 591 926 Vinaque,
628 857 792 910 flavus
829 875 985 925 quam
1023 856 1226 910 Tiberis
1263 857 1404 920 lavit,

478 942 641 997 Cedes
679 948 732 996 et
768 943 1046 997 exstructis
1078 943 1133 995 in
1168 937 1333 995 altum

615 1030 828 1083 Divitiis
860 1030 1092 1097 potietur
1133 1029 1299 1085 hores,
1375 1047 1532 1083 carm.
1570 1033 1614 1083 2.
1652 1034 1697 1085 3.
1742 1034 1819 1084 17.

1125 1118 1193 1160 36.

542 1183 553 1191 ”
577 1191 864 1257 Perpetuus
901 1190 1031 1242 nulli
1065 1189 1219 1243 (latur
1253 1208 1377 1243 usus
1415 1195 1468 1244 et
1505 1191 1660 1242 heres

328 1277 591 1332 Heredem
603 1278 820 1332 alterius
834 1278 995 1331 veluti
1007 1278 1148 1330 unda
1164 1279 1467 1345 supervenit
1479 1279 1689 1332 undam.
1719 1294 1836 1345 epp.
1855 1281 1900 1331 2.
1918 1281 1963 1331 2.
1990 1281 2003 1328 l
2018 1281 2043 1329 ’ῖ
2053 1280 2099 1329 5.

1161 1366 1199 1409 7.

335 1437 584 1491 Mortalia
619 1437 760 1491 facta
794 1438 1055 1505 peribunt.
1130 1368 1174 1491 Ξ..
1213 1455 1264 1506 p.
1304 1443 1384 1492 68.

333 1594 526 1648 Vixere
561 1595 723 1648 fortes
761 1597 883 1647 ante
923 1524 1316 1663 Agamefffiona

331 1682 516 1747 Multi3
555 1681 644 1735 sed
684 1700 863 1734 omnes
896 1682 1291 1735 illacrimabiles

474 1770 743 1838 Urgentur
779 1770 1051 1838 ignotique
1083 1769 1241 1838 longa

607 1852 786 1917 Nocte,
827 1854 1028 1922 [carent
1064 1854 1189 1921 quia
1225 1855 1344 1905 vate
1383 1851 1566 1919 sacro]
1641 1866 1798 1902 carm.
1839 1853 1885 1902 4.
1927 1851 1975 1902 9.
2016 1851 2099 1901 25.

466 1996 574 2050 Nos
608 1997 700 2050 ubi
740 1997 1041 2061 decidimus,
1128 1942 1197 1985 39'

328 2086 439 2148 Quo
475 2085 594 2152 pius
628 2084 844 2147 Aeneas,
881 2102 983 2152 quo
1021 2082 1165 2135 dives
1201 2079 1382 2133 Tullus
1419 2084 1472 2134 et
1509 2079 1699 2143 AncuS,

472 2171 647 2224 Pulvis
681 2175 734 2224 et
768 2172 958 2224 umbra
993 2187 1187 2223 sumus,
1262 2186 1419 2222 carm.
1462 2174 1508 2221 4.
1547 2171 1595 2222 7.
1637 2172 1714 2220 14.

1131 2257 1200 2301 40.

225 2334 284 2400 (δ’)
329 2333 463 2403 [Non
500 2333 677 2386 omnis.
703 2333 915 2388 moriar.
990 2350 1148 2386 carm.
1189 2336 1234 2386 3.
1276 2335 1358 2385 30.
1394 2330 1462 2398 6.]

827 2609 890 2677 3.
955 2608 1090 2675 Die
1150 2608 1495 2690 Irrwege.

913 2737 952 2769 a.
984 2725 1126 2769 Dio
1158 2724 1430 2769 Siinde.
1453 2748 1462 2753 -

1254 2802 1307 2842 In
1336 2801 1514 2840 malos
1545 2798 1888 2850 asperrimus

1325 2871 1496 2912 Parata
1526 2870 1622 2911 tollo
1653 2875 1809 2910 cornua

1620 2940 1744 3003 epod,
1781 2942 1821 2985 6.
1857 2942 1925 2985 11.

1129 3002 1198 3046 41.

227 3078 285 3145 α)
333 3074 459 3139 Quo,
497 3092 601 3142 quo
637 3075 844 3129 scelesti
878 3077 1070 3130 ruitis?
1110 3078 1259 3144 epod.
1300 3083 1345 3131 7.
1389 3082 1433 3131 1.

331 3233 419 3286 Nil
457 3232 768 3286 mortalibus
805 3234 957 3286 ardui
990 3239 1097 3300 est3
1123 3163 1191 3207 42·

471 3316 683 3371 Caelum
720 3318 893 3385 ipsum
927 3321 1155 3386 petimus
1192 3319 1418 3373 stultitia
1454 3336 1621 3387 neque

329 3403 428 3456 Per
463 3406 704 3455 nostrum
738 3403 973 3470 patimur
1009 3404 1177 3457 scelus

466 3487 727 3550 Iracunda
759 3489 936 3544 Iove‘m
971 3507 1167 3566 ponere
1197 3489 1432 3550 fulmina.
1481 3477 1638 3552 carm.
1678 3496 1722 3554 1,
1759 3495 1807 3553 3,
1847 3495 1925 3547 37.
