2332 3776
980 119 1330 183 „2³7-

1111 252 1208 298 145.

603 328 708 381 Aut
739 327 906 381 virtus
941 344 1132 380 nomen
1168 327 1326 380 inane
1364 332 1443 381 est

322 417 430 471 Aut
444 415 621 487 [decus
639 419 694 469 et
716 414 947 482 pretium
972 417 1114 466 recte
1136 414 1271 480 petit
1283 414 1685 484 experiensvir]
1714 433 1830 483 epp.
1852 421 1894 470 1.
1918 421 1993 469 17.
2011 420 2093 470 41.

1107 521 1203 565 146.

321 599 503 653 Virtus
539 597 780 665 repulsae
818 596 996 650 nescia
1030 595 1272 650 sordidae

314 686 648 742 Intaminatis
681 685 849 755 fulget
883 683 1174 738 honoribus

320 772 431 827 Nec
466 771 628 824 sumit
664 773 757 824 aut
793 769 944 837 ponit
981 786 1192 822 secures

603 857 841 911 Arbitrio
876 856 1148 924 popularis
1185 873 1362 910 aurae.

318 945 502 1000 Virtus
538 942 812 997 recludens
850 941 1134 995 immeritis
1171 941 1308 994 mori

319 1030 532 1084 Caelum
569 1033 760 1098 negata
801 1030 1027 1093 temptat
1065 1026 1172 1080 iter
1209 1026 1297 1079 via

463 1117 758 1185 Coetusque
795 1114 1037 1184 vulgares
1075 1118 1129 1168 et
1166 1114 1326 1167 udam

604 1202 818 1271 Spernit
848 1201 1067 1254 humum
1103 1200 1338 1271 fugiente
1374 1213 1565 1268 penna.
1639 1215 1799 1252 carm.
1838 1202 1884 1252 3.
1924 1201 1974 1250 2.
2020 1198 2101 1249 17.

1108 1304 1204 1348 147.

318 1381 502 1436 Virtus
539 1385 618 1434 est
649 1378 881 1433 medium
916 1377 1163 1430 vitiorum
1202 1382 1255 1432 et
1291 1378 1556 1446 utrimque
1591 1374 1878 1429 reductum.

1617 1479 1733 1530 epp.
1780 1467 1819 1515 1.
1861 1462 1938 1514 18.
1980 1465 2027 1514 9.

1112 1551 1207 1595 148.

319 1637 504 1691 Virtus
541 1641 622 1692 est
663 1637 847 1690 vitium
883 1638 1070 1708 fugere
1107 1640 1158 1691 et
1196 1635 1457 1703 sapientia
1494 1635 1666 1703 prima

317 1722 554 1777 Stultitia
586 1723 829 1778 caruisse.
909 1741 1029 1791 epp.
1072 1729 1113 1778 1.
1157 1729 1197 1777 1.
1240 1727 1322 1776 41.

1086 1823 1181 1868 149.
1248 1824 1317 1878 (cf.
1352 1839 1392 1867 n.
1422 1825 1508 1878 68.)

600 1896 822 1948 Frustra
857 1896 1042 1948 vitium
1082 1895 1329 1948 vitaveris
1368 1894 1512 1957 illud,

321 1979 374 2034 Si
410 1983 464 2033 te
502 1979 607 2033 alio
643 1997 862 2047 pravum
901 1979 1200 2034 detorseris,
1276 1982 1372 2034 sat.
1410 1982 1457 2031 2.
1499 1983 1545 2033 2,
1582 1983 1665 2031 54.

320 2155 384 2208 In
420 2154 607 2207 vitium
644 2153 790 2207 ducit
827 2154 1012 2221 culpae
1050 2081 1203 2224 fulg5aq·
1228 2154 1271 2206 si
1309 2157 1455 2207 caret
1488 2157 1617 2210 arte.
1693 2171 1737 2205 a.
1776 2169 1825 2219 p.
1863 2155 1943 2206 31.

1107 2262 1202 2306 151.

317 2330 500 2384 Insani
532 2330 742 2397 sapiens
780 2347 971 2384 nomen
1009 2330 1157 2394 ferat,
1197 2349 1396 2400 aequus
1431 2330 1615 2399 iniqui,

312 2416 486 2481 Ultra,
524 2433 684 2484 quam
720 2416 848 2469 satis
887 2420 978 2480 est,
1009 2417 1259 2471 virtutem
1286 2417 1331 2470 si
1354 2421 1504 2485 petat
1527 2417 1714 2484 ipsam.
1751 2433 1869 2484 epp.
1890 2419 1998 2470 1.6.
2019 2420 2095 2468 15.

1105 2520 1198 2564 152.

318 2589 415 2643 Est
448 2587 632 2642 modus
669 2589 725 2641 in
764 2588 935 2650 rebus,
975 2594 1097 2641 sunt
1135 2590 1265 2643 certi
1303 2589 1529 2659 denique
1565 2589 1710 2653 fineS,

319 2677 458 2742 Quos
494 2676 638 2730 ultra
674 2676 909 2745 citraque
948 2678 1134 2746 nequit
1168 2678 1454 2732 consistere
1484 2682 1699 2733 rectum.
1737 2682 1832 2732 sat.
1854 2684 1896 2733 1.
1918 2682 1960 2732 1.
1984 2681 2095 2731 106.

1108 2779 1203 2823 153.

218 2852 275 2920 γ)
329 2850 532 2904 Iustum
570 2853 626 2903 et
662 2852 902 2902 tenacem
941 2850 1198 2917 propositi
1235 2851 1401 2903 virum

322 2934 440 2989 Non
477 2935 668 2988 civium
705 2934 864 2988 ardor
900 2953 1064 3002 prava
1096 2935 1408 2999 iubentium,

461 3021 580 3076 Non
618 3022 790 3075 vultus
822 3022 1073 3090 instantis
1111 3025 1324 3093 tyranni

602 3109 780 3164 Mente
819 3111 993 3179 quatit
1027 3111 1197 3165 solida
1245 3129 1415 3181 neque
1450 3111 1657 3174 Auster,

325 3200 443 3253 Dux
479 3200 702 3268 inquieti
742 3200 984 3255 turbidus
1021 3202 1268 3267 Hadriae,

323 3286 430 3340 Nec
467 3286 798 3340 fulminantis
835 3305 1036 3357 magna
1073 3308 1257 3343 manus
1294 3290 1442 3363 Iovis,

467 3373 521 3427 Si
559 3373 757 3428 fractus
792 3375 1043 3430 illabatur
1083 3377 1225 3431 orbis

605 3459 933 3529 Impavidum
970 3460 1162 3517 ferient
1197 3464 1395 3517 ruinae.
1470 3479 1628 3518 carm.
1670 3468 1715 3516 3.
1752 3465 1797 3515 3.
1846 3466 1883 3518 1.
