2332 3776
995 140 1346 192 ...33-

1136 266 1232 312 192.

241 334 358 392 Non
392 354 600 407 semper
636 340 778 393 idem
811 338 1028 393 floribus
1067 346 1147 394 est
1184 341 1354 395 honos

243 427 436 482 Vernis
471 445 641 496 neque
678 445 784 480 uno
820 428 972 481 Luna
1006 429 1202 482 rubens
1238 430 1374 484 nitet

379 512 567 567 Vultu:
582 512 742 597 qquid.
766 514 998 566 aeternis
1035 515 1294 567 minorem

488 674 494 679 ³
523 595 767 650 Consiliis
803 598 1040 650 animum
1072 597 1301 668 fatigas?
1353 617 1512 656 carm.
1550 605 1600 656 2:
1642 606 1720 655 11.
1758 605 1803 655 9.

1130 686 1227 731 193.

525 759 681 831 Ne(e)
718 760 954 828 trepides
989 761 1046 813 in
1078 778 1230 814 usum

236 843 506 898 Poscentis
542 847 659 900 aevi
694 855 886 915 pauca!
951 848 1021 902 ib.
1061 856 1109 904 4.

1125 934 1223 980 194.

732 1005 856 1067 Nee,
876 1005 1167 1074 quidquam
1200 1005 1302 1059 tibi
1339 1007 1557 1074 prodest

236 1092 424 1147 Aerias
458 1097 746 1161 temptasse
784 1093 966 1146 domos
1004 1092 1286 1161 animoque
1322 1094 1606 1148 rotundum

378 1181 707 1236 Percurrisse
740 1182 921 1250 polum
950 1181 1219 1234 morituro.
1261 1198 1420 1236 carm.
1446 1187 1488 1237 1.
1519 1186 1600 1237 28.
1630 1189 1678 1237 4.

1124 1267 1222 1312 195.

236 1340 375 1405 Quid
411 1341 560 1396 brevi
596 1341 761 1396 fortes
797 1342 1091 1397 iaculamur
1129 1360 1257 1396 aevo

239 1430 448 1485 Multa?
509 1449 664 1486 carm.
706 1437 752 1487 2.
794 1438 872 1487 16.
914 1438 993 1487 17.

1134 1520 1230 1562 196.

1034 1591 1217 1660 Spatio
1255 1592 1400 1646 brevi

240 1675 400 1744 Spem
430 1676 642 1746 longam
678 1695 895 1732 reseces,
951 1695 1111 1733 earm.
1151 1684 1195 1731 1.
1238 1683 1316 1732 11.
1355 1683 1402 1733 6.

1128 1769 1226 1814 197.
1287 1769 1364 1826 (cf.
1384 1783 1427 1814 n.
1452 1771 1507 1814 16
1533 1775 1647 1827 sqq.)
1681 1791 1686 1795 ·

242 1851 398 1906 Vitae
433 1869 639 1906 summa
674 1853 848 1907 brevis
885 1870 1033 1920 spem
1068 1869 1164 1905 nos
1201 1856 1347 1905 vetat
1380 1852 1635 1926 inchoare
1672 1854 1913 1924 longam3

382 1939 496 1993 Iam
532 1944 587 1993 te
623 1947 830 2008 premet
861 1957 966 1992 nox
1001 1939 1318 2008 fabulaeque
1357 1939 1542 1993 Manes

243 2027 313 2081 Et
350 2028 539 2083 domus
577 2028 730 2082 exilis
766 2028 1022 2083 Plutonia.
1078 2045 1237 2082 earm.
1277 2034 1321 2083 1.
1360 2034 1407 2082 4.
1451 2033 1529 2084 15.

1139 2112 1238 2157 198.

241 2189 437 2243 Laetus
467 2189 524 2242 in
561 2205 812 2256 praesens
847 2190 1077 2253 animus,
1114 2187 1257 2257 quod
1291 2188 1437 2241 ultra
1472 2194 1565 2253 est,

244 2273 433 2333 Oderit
469 2293 671 2331 curare.
746 2293 906 2332 carm.
943 2281 990 2330 2.
1033 2282 1111 2332 16.
1151 2281 1233 2331 25.

1143 2363 1241 2419 199.
1303 2363 1380 2420 (cf.
1404 2378 1447 2408 n.
1473 2365 1556 2408 133
1577 2366 1698 2420 sqq.)

243 2433 382 2498 Quid
420 2435 492 2488 sit
526 2434 763 2488 futurum
805 2453 943 2499 craS‚
981 2435 1104 2505 fuge
1143 2453 1413 2504 quaerere.
1461 2455 1621 2493 carm.
1666 2442 1710 2491 1.
1747 2442 1795 2492 9.
1843 2443 1917 2494 13.

1140 2522 1239 2567 200.

50 2603 73 2629 f
174 2667 180 2672 η
247 2594 399 2649 Inter
435 2612 584 2663 spem
625 2591 928 2665 curamque,
966 2597 1183 2650 timores
1218 2597 1359 2651 inter
1394 2603 1448 2652 et
1478 2599 1587 2675 iras

244 2682 466 2739 Omnem
502 2685 658 2739 erede
695 2685 836 2740 diem
872 2685 973 2738 tibi
1009 2685 1262 2740 diluxisse
1301 2703 1619 2755 supremum.
1681 2705 1798 2756 epp.
1841 2693 1886 2744 ἶ.
1925 2695 1971 2742 4.
2015 2694 2093 2742 12.

489 2865 547 2935 β)
600 2865 732 2919 Der
781 2864 907 2920 den
957 2866 1256 2921 Moment
1303 2866 1533 2921 friseh
1575 2869 1886 2929 benutzt.

1500 2972 1624 3019 Quod
1652 2976 1797 3028 adest,
1828 2989 2016 3021 memento

1219 3046 1464 3100 Componere
1496 3061 1667 3100 aequae.
1719 3061 1850 3094 cam.
1873 3053 1913 3095 3.
1938 3051 2007 3098 27.
2030 3053 2099 3096 32.

1142 3131 1241 3178 201.

881 3203 978 3257 Ille
1014 3207 1202 3271 potens
1239 3205 1320 3257 sui

259 3257 556 3359 Laetusque
593 3283 771 3359 deget,
807 3290 892 3342 cui
926 3289 1052 3344 licet
1084 3291 1142 3343 in
1178 3290 1320 3345 diem

399 3377 630 3431 Dixisse:
677 3376 857 3441 ,‚vixi”.
929 3375 1054 3432 Cras
1090 3378 1174 3432 vel
1209 3383 1329 3431 atra

542 3462 694 3518 Nube
731 3463 909 3532 polum
945 3470 1097 3534 pater
1134 3470 1386 3534 occupato
