2332 3776
910 131 1266 192 -432

1038 257 1135 302 273.

240 333 367 398 Quis
402 330 662 386 desiderio
696 331 765 384 sit
797 330 966 398 pudor
999 334 1094 382 aut
1129 329 1313 384 modus

244 424 377 478 Tum
410 423 520 478 cari
553 422 783 490 capitis?
857 439 1015 477 carm.
1059 427 1104 475 1.»
1144 428 1226 478 24.
1274 428 1316 479 1.

1046 511 1144 556 274.

387 585 514 650 Quis
551 589 604 638 te
642 584 919 638 redonavit
955 583 1217 648 Quiritem

529 675 625 728 Dis
661 675 850 743 patriis
885 674 1127 744 Italoque
1161 674 1321 739 cae10,

245 764 485 832 Pompei,
522 781 759 818 meorum
792 763 964 831 prime
1001 762 1274 827 sodalium,

250 849 380 904 Cum
412 867 516 919 quo
550 853 848 904 morantem
886 866 1042 917 saepe
1082 848 1224 902 diem
1260 863 1404 901 mero

393 935 553 1005 Fregi
588 938 867 988 coronatus
903 935 1135 989 nitentes

493 1021 828 1076 Malobathro
866 1020 1017 1092 Syrio
1054 1020 1314 1088 capillos?
1355 1065 1365 1075 .
1407 1064 1417 1076 .
1456 1062 1467 1074 .
1507 1063 1518 1075 .

673 1107 793 1161 Non
830 1125 926 1177 ego
964 1106 1143 1160 sanius

391 1195 699 1250 Bacchabor
734 1196 959 1262 Edonis3
992 1198 1207 1262 recepto

536 1280 703 1335 Dulce
740 1280 871 1333 mihi
908 1279 1082 1332 furere
1122 1281 1201 1331 est
1237 1277 1422 1331 amico,
1496 1293 1655 1331 carm.
1695 1278 1742 1330 2.
1783 1278 1829 1329 7.
1870 1278 1918 1328 3.

1047 1398 1146 1443 275.

922 1475 1036 1527 Hac
1071 1474 1128 1525 in
1164 1491 1222 1526 re
1261 1472 1465 1525 scilicet
1501 1490 1607 1525 una

260 1559 487 1612 Multum
519 1560 821 1626 dissimiles,
860 1565 916 1615 at
954 1565 1130 1615 cetera
1165 1577 1332 1628 paene
1368 1559 1605 1629 gemelli3

256 1646 528 1700 Fraternis
564 1648 755 1702 animis
791 1648 1050 1718 quidquid
1087 1651 1248 1717 negat
1284 1646 1421 1700 alter
1459 1650 1512 1699 et
1547 1646 1695 1710 alter,

258 1734 553 1788 Annuimus
588 1737 790 1804 pariter
825 1737 989 1790 vetuli
1023 1736 1240 1805 notique
1278 1734 1524 1789 columbi.

259 1891 494 1960 Excepto
519 1892 660 1961 quod
686 1911 792 1946 non
810 1892 967 1947 simul
985 1911 1137 1959 esses
1158 1898 1334 1947 cetera
1352 1893 1550 1954 laetus-
1578 1909 1695 1960 epp.
1719 1898 1759 1946 1.
1782 1896 1858 1944 10.
1877 1894 1907 1943 2
1923 1913 1936 1956 3
1955 1894 2036 1942 50.

1052 2011 1150 2055 276.

151 2095 247 2167 ββ)
258 2093 396 2148 Vilis
430 2094 720 2148 amicorum
756 2099 838 2149 est
873 2114 1106 2162 annona,
1140 2098 1292 2152 bonis
1332 2099 1425 2152 ubi
1461 2097 1589 2167 quid
1625 2097 1787 2152 deest.

1525 2202 1641 2252 epp.
1687 2191 1728 2240 1.
1774 2192 1848 2240 12.
1887 2191 1971 2240 24.

1047 2259 1144 2301 277.

570 2328 858 2383 Absentem
895 2331 987 2399 qui
1026 2332 1170 2402 rodit
1201 2331 1442 2394 amicum,

259 2412 361 2476 Qui
398 2430 503 2465 non
534 2413 772 2467 defendit
804 2415 908 2468 alio
945 2418 1218 2484 culpante,
1258 2416 1454 2471 solutos

255 2497 358 2561 Qui
395 2501 576 2565 captat
609 2499 746 2552 risus
781 2500 1057 2553 hominum
1088 2500 1387 2568 famamque
1427 2501 1637 2566 dicaciS,

257 2579 484 2650 Fingere
520 2581 612 2650 qui
648 2580 755 2635 non
792 2582 905 2635 visa
940 2587 1137 2650 potest,
1177 2584 1456 2637 commissa
1490 2588 1666 2638 tacere

253 2665 354 2730 Qui
391 2667 599 2736 nequit,
635 2669 723 2722 hic
759 2669 909 2739 niger
947 2674 1052 2734 est,
1090 2671 1232 2724 hunc
1270 2674 1353 2735 tu,
1392 2672 1655 2737 Romane,
1692 2675 1885 2726 cavet0.

1572 2764 1668 2815 sat.
1714 2766 1758 2815 1.
1800 2766 1846 2815 4.
1886 2761 1968 2813 81.

1046 2830 1143 2873 278.

859 2902 937 2956 Ne
975 2902 1107 2956 fidos
1143 2903 1284 2957 inter
1321 2903 1518 2956 amicos

264 2989 372 3055 Sit,
410 2991 502 3060 qui
535 2991 680 3046 dicta
715 2992 857 3046 foras
894 2993 1145 3048 eliminet.
1220 3011 1336 3061 epp.
1380 2999 1424 3048 1.
1463 3000 1508 3047 5.
1548 2998 1630 3047 24.

1056 3114 1154 3157 279.

759 3197 971 3252 Amicus
1008 3198 1178 3252 dulcis
1214 3203 1273 3251 ut
1309 3217 1536 3267 aequum
1571 3202 1660 3260 est,

262 3282 391 3335 Cum
431 3301 548 3335 mea
583 3289 888 3351 compenset
919 3286 1062 3338 vitiis
1098 3286 1265 3350 bona,
1303 3285 1543 3353 pluribus
1581 3285 1736 3345 hisce,

262 3367 315 3420 Si
356 3366 510 3419 modo
548 3367 704 3434 plura
741 3368 872 3421 mihi
910 3370 1049 3422 bona
1084 3374 1231 3433 sunt,
1266 3370 1508 3429 inclinet,
1550 3367 1717 3419 amari

262 3452 316 3509 Si
355 3453 521 3522 volet,
561 3455 659 3508 hac
699 3454 815 3525 lege
849 3456 904 3513 in
943 3455 1145 3513 trutina
1180 3458 1407 3529 ponetur
1442 3452 1640 3509 eadem.
1690 3458 1783 3509 sat.
1819 3457 1860 3508 1.
1891 3456 1936 3508 3.
1958 3456 2038 3507 69.
