2332 3776
69 0 276 52 §95:33'31'2·

1039 123 1112 134 .-
1182 97 1246 148 21
1321 123 1394 135 ...

274 215 520 272 Rusticus
556 223 839 287 exspectat,
874 219 1000 274 dum
1033 220 1232 277 defluat
1266 225 1465 292 amnis;
1503 230 1561 280 at
1596 227 1687 283 ille

273 304 497 359 Labitur
532 310 587 360 et
620 307 832 360 labetur
868 308 926 360 in
960 326 1114 363 omne
1154 311 1400 365 volubilis
1435 331 1637 372 aevum.
1679 334 1797 385 epp.
1823 323 1864 371 1.
1891 323 1932 372 2.
1966 323 2046 372 40.

1173 409 1241 454 98.

271 481 452 552 Fingit
488 500 682 552 equum
718 487 904 538 tenera,
939 485 1164 539 docilem
1203 487 1403 541 cervice
1444 490 1708 560 magister,

269 569 354 623 Ire
381 569 542 634 viam,
579 588 684 639 qua
719 575 978 627 monstret
1014 591 1173 642 eques
1211 618 1221 629 .
1262 620 1273 630 .
1310 616 1320 628 .
1362 575 1515 629 Nunc
1554 577 1746 632 adbibe
1780 596 1914 646 puro

267 654 485 710 Pectore
521 657 695 721 verba,
733 676 880 726 puer,
917 677 1057 713 nunc
1098 664 1153 713 te
1190 660 1498 716 melioribus
1538 662 1679 717 offer.

265 742 379 806 Quo
413 743 574 796 semel
609 748 690 797 est
722 745 928 799 imbuta
962 764 1146 800 recens
1181 748 1414 801 servabit
1447 748 1662 802 odorem

269 827 431 883 Testa
466 830 573 884 diu.
612 832 742 887 ibid.
779 838 862 889 64.

1173 922 1241 965 99.

559 993 707 1048 Velis
744 995 1134 1049 tantummodo:
1175 1014 1312 1064 quae
1347 1002 1440 1051 tua
1477 998 1655 1062 virtUS,

263 1081 620 1152 Expugnabis
660 1086 753 1136 sat.
795 1087 835 1135 1.
877 1087 922 1137 9.
960 1088 1042 1137 54.

253 1245 256 1248 ἦ
1154 1189 1250 1233 100.

59 1308 62 1315 .
261 1264 364 1328 Qui
398 1264 578 1318 studet
614 1268 853 1332 optatam
891 1281 1048 1317 cursu
1084 1264 1392 1334 contingere
1430 1269 1640 1329 metam,

68 1412 76 1419 ,
183 1351 185 1353 ’
258 1353 430 1407 Multa.
459 1352 586 1406 tulit
617 1352 847 1421 fecitque
886 1369 1030 1419 puer,
1069 1351 1279 1406 sudavit
1315 1357 1370 1407 et
1406 1353 1541 1409 alsit.
1582 1372 1627 1409 a.
1667 1371 1715 1421 p.
1759 1359 1875 1408 412.

1167 1456 1261 1499 101.

263 1529 412 1584 Sedit
446 1531 538 1600 qui
575 1531 778 1594 timuit,
815 1541 880 1585 ne
918 1549 1023 1584 non
1063 1529 1379 1585 succederet.
1431 1548 1548 1598 epp.
1593 1536 1635 1585 1.
1681 1536 1754 1583 17.
1799 1535 1879 1586 37.

1002 1631 1010 1638 ·
1120 1633 1243 1688 ,102

1348 1705 1513 1774 Atqui

169 1811 172 1813 ·
255 1789 358 1843 Hic
395 1793 477 1842 est
511 1793 604 1843 aut
639 1806 919 1857 nusquam‚'
951 1788 1091 1858 quod
1129 1790 1445 1858 quaerimus,
1508 1789 1611 1842 Hic
1648 1807 1779 1842 onus
1818 1789 2000 1842 horret

257 1877 332 1932 Ut
366 1877 546 1945 parvis
582 1876 773 1930 animis
809 1880 864 1929 et
899 1894 1062 1943 parvo
1100 1895 1319 1945 corpore
1358 1877 1556 1944 maius3

255 1964 359 2018 Hic
393 1964 536 2017 subit
571 1968 627 2018 et
661 1962 875 2032 perfert.
914 1980 1031 2032 epp.
1077 1968 1120 2019 1.
1165 1969 1243 2019 17.
1281 1969 1362 2018 38.

1150 2068 1246 2113 103.

854 2142 1088 2195 Vitanda
1127 2146 1205 2196 est
1241 2142 1485 2210 improba
1519 2142 1671 2197 Siren

251 2231 486 2310 Desidia.
523 2235 621 2286 sat.
659 2236 707 2286 2.
748 2235 793 2285 3.
838 2235 916 2284 14.

360 2414 396 2445 c.
426 2400 568 2446 Die
597 2401 872 2456 vijmge
903 2402 1225 2446 Abkehr
1258 2417 1426 2448 vom
1459 2405 1660 2449 alten
1690 2403 2023 2452 Wandel.

1038 2500 1239 2541 Intendas
1273 2502 1446 2542 animum
1480 2502 1633 2551 studiis
1666 2511 1704 2543 et
1735 2504 1855 2542 rebus
1886 2505 2080 2545 honestis.

1420 2578 1422 2584 “
1527 2584 1624 2626 epp.
1662 2573 1700 2616 1.
1735 2574 1774 2616 2.
1808 2573 1878 2617 36.

1147 2653 1243 2698 104.
1282 2700 1284 2703 .

247 2723 535 2779 Eradenda
572 2723 837 2791 cupidinis

387 2813 543 2868 Pravi
582 2818 706 2866 sunt
746 2814 1009 2868 elementa
1044 2817 1099 2868 et
1131 2818 1347 2869 tenerae
1385 2815 1543 2869 nimis

246 2898 452 2954 Mentes
486 2899 846 2968 asperioribus

385 2986 714 3041 Formandae
755 2986 957 3041 studiis,
1032 3004 1191 3048 carm.
1233 2992 1278 3041 3.
1320 2994 1402 3044 24.
1446 2994 1527 3042 51.

1030 3068 1034 3070 “
1139 3070 1235 3132 105.

386 3162 494 3216 Nos
529 3163 587 3216 in
624 3181 770 3217 mare
809 3164 1109 3230 proximum

390 3250 638 3305 Gemmas
676 3254 729 3304 et
763 3250 969 3318 lapides
1008 3270 1196 3305 aurum
1235 3257 1287 3306 et
1323 3252 1524 3316 inutile,

152 3347 154 3350 '
248 3334 449 3389 Summi
482 3334 757 3388 materiem
793 3335 934 3400 mali,
1796 3402 1809 3414 ·

387 3425 684 3491 Mittamu8‚
719 3425 976 3480 scelerum
1010 3426 1055 3481 si
1091 3427 1226 3482 bene
1264 3427 1515 3498 paenitet.
1569 3427 1637 3480 ib.
1682 3431 1762 3482 47.
