2332 3776
963 175 1034 188 --
1106 149 1174 202 42
1244 179 1314 201 -ε

506 275 573 342 β)
613 271 719 327 fiir
754 273 1057 345 Umgang
1092 276 1226 329 und
1263 275 1790 333 Freundschaft.

1014 363 1096 405 Nil
1127 381 1200 418 eqo
1231 366 1464 407 contulerim
1500 366 1676 406 iucundo
1695 361 1834 406 ἐαηαε
1863 358 2007 405 amico.

1346 440 1427 477 sat.
1464 435 1501 477 1.
1532 434 1571 478 5.
1602 433 1672 478 44.

1093 492 1190 535 267.

207 557 304 629 αα)
320 558 423 623 Ah,
459 562 512 612 te
549 578 697 615 meae
728 562 771 615 si
807 568 1013 630 partem
1047 564 1255 617 animae
1291 563 1436 630 rapit

311 647 569 701 Maturior
606 649 706 713 vis,
745 650 871 718 quid
905 667 1079 703 moror
1121 650 1307 713 altera,

449 735 559 791 Nec
593 755 744 790 carus
780 756 946 806 aeque
983 757 1079 793 nec
1114 743 1377 806 superstes

598 825 848 895 Integer?
918 827 1014 880 Ille
1054 827 1166 881 dies
1200 831 1480 895 utramque

313 909 484 965 Ducet
519 912 740 966 ruinam.
815 913 934 967 Non
970 932 1066 983 ego
1099 913 1362 981 perfidum

308 995 433 1049 Dixi
469 1004 882 1052 sacramentum:
923 999 1123 1052 Ibimus
1139 991 1170 1063 ,‘
1189 999 1400 1062 ibimuS,

453 1083 733 1152 Utcunque
771 1085 1080 1152 praecedeS,
1131 1102 1432 1151 supremum

597 1170 824 1239 Carpere
861 1173 965 1225 iter
1003 1172 1219 1225 comites
1254 1169 1446 1238 parati.
1521 1187 1679 1224 carm.
1719 1176 1766 1225 2.
1814 1175 1888 1225 17.
1928 1175 1975 1224 5.

311 1329 447 1394 Quid
481 1348 588 1392 nos
623 1331 813 1400 quibus
846 1336 899 1385 te
932 1332 1042 1385 vita
1074 1259 1461 1411 siff-superstite

455 1418 718 1483 Iucunda,
758 1420 802 1471 si
841 1422 1048 1482 contra,
1085 1418 1298 1487 gravis?

315 1505 575 1558 Utrumne
610 1506 738 1558 iussi
775 1523 1152 1573 persequemur
1187 1505 1354 1558 otium

454 1594 572 1646 Non
610 1595 760 1648 dulce
799 1596 855 1647 ni
892 1590 1066 1649 tecum
1102 1595 1271 1659 simul,

308 1679 391 1731 An
427 1680 568 1733 hunc
609 1682 845 1736 laborem
879 1687 1055 1736 mente
1092 1682 1267 1745 laturi,
1306 1681 1460 1735 decet

457 1768 571 1831 Qua
606 1768 744 1822 serre
781 1787 889 1821 non
923 1769 1106 1822 molles
1143 1769 1318 1822 viros?

311 1852 561 1906 Feremus
600 1859 652 1908 et
686 1858 739 1907 te
777 1855 859 1908 vel
894 1872 991 1922 per
1026 1855 1242 1922 Alpium
1277 1855 1402 1924 iuga

449 1942 598 1996 Forti
630 1961 910 2011 sequemur
944 1947 1174 2011 pectore.
1247 1941 1398 2009 epod.
1438 1948 1480 1997 1.
1519 1946 1566 1996 5.

1099 2048 1197 2091 269.

311 2117 605 2188 Utrumque
642 2123 880 2173 nostrum
918 2119 1222 2174 incredibili
1257 2117 1412 2172 modo

311 2203 583 2258 Consentit
619 2210 832 2261 astrum.
906 2225 1066 2262 carm.
1106 2211 1154 2262 2.
1199 2211 1278 2261 17.
1322 2210 1404 2261 21.

1094 2309 1192 2352 270.

983 2383 1234 2452 Magnum
1269 2381 1368 2433 hoc
1402 2398 1500 2449 ego
1535 2379 1682 2443 du00,

311 2465 462 2527 Quod
493 2466 669 2533 placui
704 2467 832 2531 tibi,
870 2467 962 2535 qui
1000 2467 1145 2534 turpi
1182 2464 1412 2518 secernis
1449 2464 1727 2517 honestum

314 2553 431 2606 Non
459 2558 611 2621 patre
646 2555 920 2622 praeclaro
958 2555 1048 2609 sed
1085 2555 1195 2607 vita
1231 2556 1285 2606 et
1319 2555 1531 2619 pectore
1567 2568 1714 2619 purO.
1761 2553 1855 2602 sat.
1877 2555 1919 2603 1.
1939 2554 1986 2604 6.
2003 2553 2085 2604 62.

1102 2643 1199 2687 271.

1152 2712 1270 2765 Non
1306 2712 1408 2764 isto
1445 2709 1668 2762 vivimus
1700 2707 1811 2760 illic

312 2801 424 2864 Quo
464 2803 522 2852 tu
557 2818 676 2853 rere
716 2800 902 2852 modo:
939 2800 1122 2853 domus
1159 2800 1259 2852 hac
1301 2815 1397 2851 nec
1434 2796 1618 2864 purior
1653 2794 1763 2847 ulla
1797 2798 1877 2846 est

314 2884 423 2939 Nec
459 2885 625 2953 magis
662 2884 746 2937 his
778 2885 954 2938 aliena
989 2885 1173 2950 malis3
1210 2885 1285 2937 nil
1322 2883 1396 2935 mi
1433 2881 1598 2936 officit
1632 2898 1864 2949 unquam

315 2972 490 3024 Ditior
526 2971 614 3024 hic
649 2975 742 3024 aut
775 2975 854 3024 est
889 2972 1015 3039 quia
1047 2972 1278 3036 doctior3
1320 2973 1400 3022 est
1433 2968 1583 3020 locus
1618 2966 1711 3019 uni

318 3058 517 3127 Cuique
554 3076 689 3113 suus,
762 3062 860 3113 sat.
906 3065 946 3112 l.
988 3063 1034 3113 9.
1080 3065 1160 3114 48.

318 3201 499 3263 NaviS‚
537 3219 670 3269 quae
710 3201 808 3254 tibi
845 3146 1207 3254 creditumffia

456 3287 628 3340 Debes
665 3281 948 3356 Virgilium
988 3288 1177 3341 finibus
1214 3288 1417 3351 Atticis,

315 3371 525 3427 Reddas
560 3373 876 3426 incolumem
907 3391 1094 3441 precor

456 3459 525 3515 Et
561 3476 734 3517 serves
771 3461 978 3520 animae
1017 3462 1293 3522 dimidium
1329 3483 1489 3523 meae,
1570 3482 1728 3523 carm.
1773 3471 1814 3518 1.
1853 3469 1899 3519 3.
1937 3472 1982 3519 5.
