2332 3776
1020 131 1369 186 ...23—

1145 255 1240 301 154.

962 327 1056 398 Est
1088 328 1292 380 animus
1326 326 1422 380 tibi

498 412 794 479 Rerumque
827 412 1056 479 prudens
1093 419 1147 465 et
1183 413 1422 465 secundis

603 500 942 568 Temporibus
981 502 1256 570 dubiisque
1296 508 1480 561 rectus7

366 586 630 640 Vindex
666 606 905 642 avarae
943 589 1212 641 fraudis
1250 593 1314 642 et
1347 589 1722 641 abstinens

371 674 703 727 Ducentis
735 674 813 727 ad
850 693 916 728 se
956 679 1203 728 cuncta
1239 675 1573 742 pecuniae

511 751 804 825 Consulque
842 777 947 810 non
985 760 1138 811 unius
1176 759 1314 811 anni.

610 842 710 895 Sed
747 844 988 912 quotiens
1022 845 1189 897 bonus
1225 849 1381 912 atque
1418 842 1552 895 fidus

370 931 536 984 Iudex
572 933 849 986 honestum
882 933 1134 1000 praetulit
1170 933 1302 990 utili.

371 1018 575 1073 Reiecit
607 1021 713 1073 alto
752 1021 890 1074 dona
925 1023 1227 1074 nocentium

510 1105 686 1169 Vultu,
725 1124 820 1173 per
856 1107 1124 1160 obstantes
1164 1111 1400 1159 catervas

652 1194 921 1262 Explicuit
957 1212 1050 1248 sua
1085 1196 1250 1247 victor
1288 1211 1449 1246 311113.
1523 1208 1680 1243 carm.
1722 1193 1764 1241 4.
1807 1192 1852 1238 9.
1895 1190 1975 1239 34.

1156 1327 1247 1370 155.

372 1401 535 1454 Dulce
576 1406 629 1455 et
665 1402 911 1455 decorum
950 1407 1029 1455 est
1064 1419 1161 1469 pro
1198 1400 1373 1468 patria
1409 1398 1558 1452 mori.
1615 1413 1773 1450 carm.
1815 1399 1861 1450 3.
1901 1396 1948 1446 2.
1992 1395 2070 1445 13.

1167 1542 1262 1587 156.

372 1616 663 1686 Angustam
698 1620 864 1673 amice
901 1620 1207 1687 pauperiem
1238 1617 1351 1685 pati

380 1703 643 1758 Robustus
680 1706 790 1758 acri
826 1706 1017 1759 militia
1055 1723 1185 1772 puer

518 1793 798 1846 Condiscat
834 1799 887 1847 et
923 1794 1145 1846 Parthos
1179 1794 1378 1846 feroces

661 1878 833 1931 Vexet
869 1896 1027 1946 eques
1064 1876 1375 1931 metuendus
1410 1875 1578 1927 hasta.
1650 1870 1778 1926 ibid.
1823 1877 1865 1924 1.

1163 2009 1260 2053 157.

381 2081 476 2134 Est
508 2087 562 2135 et
598 2083 743 2137 fideli
780 2089 897 2138 tuta
934 2084 1144 2138 silentio

384 2168 607 2223 Merces:
649 2172 858 2235 vetabo,
898 2173 989 2240 qui
1027 2171 1232 2224 Cereris
1267 2186 1473 2222 sacrum

525 2256 771 2327 Vulgarit
806 2277 1054 2322 arcanae,
1091 2258 1186 2310 sub
1222 2255 1390 2308 isdem

664 2346 743 2399 Sit
778 2348 1019 2400 trabibus
1055 2345 1361 2415 fragilemve
1398 2357 1602 2394 mecum

390 2431 567 2486 Solvat
602 2434 869 2500 phaselon.
946 2452 1102 2488 carm.
1141 2437 1187 2488 3.
1226 2437 1272 2485 2.
1313 2435 1394 2484 25.

1178 2567 1273 2611 158.

283 2639 345 2702 (ἲ)
1334 2640 1576 2707 Aequum
1615 2641 1694 2689 est

387 2723 621 2778 Peccatis
657 2727 864 2781 veniam
899 2732 1202 2795 poscentem
1237 2726 1459 2780 reddere
1505 2740 1698 2776 rursus,
1763 2723 1859 2773 sat.
1905 2723 1946 2773 1.
1985 2721 2030 2772 3.
2072 2722 2156 2770 74.

1171 2843 1266 2887 159.

1177 2912 1247 2964 Et
1283 2911 1415 2963 mihi
1451 2909 1630 2962 dulces

387 2989 687 3058 Ignoscent,
725 2995 769 3046 si
805 2996 933 3063 quid
972 3014 1192 3063 peccaro
1231 2995 1445 3057 stultus,
1484 2992 1639 3046 amici

394 3077 560 3145 Inque
596 3079 762 3132 vicem
798 3082 1009 3134 illorum
1048 3083 1225 3150 patiar
1260 3082 1456 3133 delicta
1490 3079 1734 3132 libenter.
1808 3075 1877 3128 ib.
1927 3077 2034 3126 139.

1186 3205 1281 3248 160.

397 3277 523 3340 Quis
560 3280 710 3344 paria
749 3297 860 3333 esse
893 3280 1001 3333 fere
1041 3279 1241 3346 placuit
1276 3280 1504 3345 peccata,
1542 3274 1799 3335 laborant,

391 3366 519 3419 Cum
557 3372 768 3421 ventum
805 3369 871 3421 ad
909 3387 1088 3422 verum
1125 3373 1231 3421 est:
1272 3384 1451 3420 sensus
1486 3381 1759 3432 moresque
1795 3366 2093 3429 repugnant

398 3451 569 3522 Atque
606 3455 722 3525 ipsa
757 3456 972 3521 utilitas,
1006 3456 1132 3511 iusti
1169 3471 1333 3526 prope
1366 3457 1536 3507 mater
1570 3455 1623 3507 et
1656 3449 1824 3523 aequi.
1897 3447 1965 3502 ib.
2007 3451 2089 3503 96.
