2332 3776
0 2542 10 2584 v·
0 2343 11 2533 =—-r-·--—
0 2225 6 2332 —--—-
0 2137 5 2194 *-—
0 2067 3 2078 -
0 2003 2 2011 -

978 133 1334 193 —49—

223 262 496 324 Mordaces
533 267 691 322 aliter
727 267 1011 337 diffugiunt
1047 266 1444 321 sollicitudines„

221 359 348 422 Quis
379 362 500 425 post
539 357 663 409 vina
699 373 912 424 gravem
952 355 1200 407 militiam
1239 358 1333 406 aut
1364 353 1675 420 pauperiem
1713 357 1907 420 crepat,

222 445 349 508 Quis
386 461 491 496 non
529 447 581 496 te
618 443 815 509 potiUS‚
854 442 1062 494 Bacche
1098 445 1262 508 pater,
1300 445 1480 509 teque,
1519 440 1709 494 decens
1746 440 1962 495 Venus?

1493 543 1653 580 carm.
1697 531 1740 580 1.
1783 530 1861 580 18.
1907 533 1950 593 13
1988 532 2035 582 3.

1107 596 1205 640 319.

226 673 538 741 Capaciores
573 671 704 724 affer
742 671 864 734 huc,
907 687 1051 737 puer,
1092 669 1314 737 scyphos

366 759 436 812 Et
473 758 606 811 Chia
641 758 764 810 vina
801 760 894 809 aut
931 755 1147 818 Lesbia,
1183 799 1194 808 .
1217 799 1228 810 .
1251 799 1261 810 .
1283 798 1294 807 .

227 846 418 900 Curam
456 851 759 913 metumque
798 843 1038 896 Caesaris
1076 861 1257 896 rerum
1292 843 1438 894 iuvat

368 933 523 986 Dulci
556 933 731 1001 Lyaeo
766 931 982 984 solvere.
1025 929 1178 996 epod.
1205 933 1252 982 9.
1282 932 1375 994 333
1410 932 1492 982 37.

1131 1032 1229 1077 320.

225 1107 305 1159 Tu
344 1108 421 1178 [se.
439 1108 594 1175 testa]
632 1107 751 1160 lene
791 1110 1115 1159 tormentum
1154 1105 1367 1174 ingenio
1406 1104 1653 1158 admoves

226 1195 538 1264 Plerumque
571 1195 732 1261 dur03
770 1199 830 1247 tu
869 1195 1190 1263 sapientium

374 1281 536 1335 Curas
574 1287 629 1335 et
666 1300 919 1335 arcanum
957 1282 1132 1334 iocoso

509 1371 798 1425 Consilium
830 1372 1028 1440 retegis
1064 1371 1268 1439 Lyaeo3

229 1465 307 1518 Tu
342 1482 493 1536 spem
529 1464 736 1518 reducis
774 1465 1040 1517 mentibus
1075 1463 1248 1516 anxiis

229 1550 490 1620 viresque
528 1555 583 1604 et
620 1551 775 1605 addis
814 1568 1013 1604 cornua
1049 1550 1286 1617 pauperi,

370 1638 495 1692 Post
526 1643 580 1692 te
619 1657 789 1707 neque
827 1639 993 1691 iratos
1028 1637 1279 1691 trementi

504 1725 710 1794 Regum
737 1723 922 1802 ‘apices
959 1741 1130 1790 neque
1162 1722 1394 1775 militum
1430 1741 1593 1778 arma.
1633 1743 1791 1780 carm.
1829 1731 1876 1782 3.
1912 1731 1997 1781 21.
2039 1732 2117 1782 13.

1131 1826 1229 1870 321.

582 1896 771 1949 Prome
807 1894 1155 1965 reconditum,

230 1983 375 2054 Lyde
410 1987 625 2038 strenua
638 2026 650 2049 ,
705 1983 1004 2037 Caecubum

373 2071 716 2141 Munitaeque
752 2072 949 2126 adhibe
982 2072 1090 2125 vim
1127 2071 1435 2139 sapientiae.
1487 2091 1646 2127 carm.
1688 2079 1737 2130 3.
1778 2078 1858 2129 28.
1895 2080 1942 2128 2.

231 2234 495 2290 Narratur
532 2241 588 2290 et
619 2236 784 2304 prisci
823 2235 1035 2290 Catonis
1126 2178 1224 2222 322.

374 2323 544 2392 Saepe
582 2342 728 2378 mero
766 2325 990 2379 caluisse
1028 2325 1209 2380 virtus,
1263 2342 1423 2379 carm.
1465 2329 1513 2381 3.
1550 2330 1634 2381 21.
1680 2331 1759 2380 11.

233 2500 386 2555 Nunc
421 2504 503 2554 est
537 2499 855 2563 bibendum,
902 2517 1042 2552 nunc
1076 2428 1228 2567 Ρέἓῖ
1249 2501 1419 2555 libero

231 2584 498 2639 Pulsanda
526 2585 698 2639 tellus,
751 2603 908 2639 carm.
953 2592 996 2639 1.
1037 2591 1118 2642 37.
1160 2593 1201 2640 1.

1136 2692 1235 2736 324.

950 2764 1138 2817 Potare
1175 2769 1230 2819 et
1267 2782 1519 2836 spargere
1556 2763 1711 2819 flores

233 2850 493 2920 Incipiam
532 2852 813 2921 patiarque
852 2853 933 2905 vel
971 2853 1299 2906 inconsultus
1337 2854 1550 2908 haberi!
1601 2871 1718 2921 epp.
1765 2860 1806 2908 1.
1850 2857 1897 2907 5.
1943 2857 2020 2906 14.

1131 2963 1229 3008 325.

235 3031 350 3095 Quo
388 3048 495 3095 me,
532 3031 765 3096 Bacche,
803 3032 947 3099 rapis
985 3034 1064 3090 tui

379 3118 636 3172 Plenum?
687 3138 822 3189 quae
859 3139 1076 3174 nemora
1114 3124 1206 3174 aut
1243 3139 1375 3191 quos
1413 3139 1542 3192 agor
1581 3122 1637 3173 in
1676 3137 1860 3188 specus

241 3206 414 3261 Velox
452 3210 628 3260 mente
662 3211 834 3260 nova?
883 3225 1042 3262 carm.
1083 3212 1129 3263 3.
1170 3213 1252 3264 25.
1297 3215 1340 3262 1.

1121 3315 1218 3358 326.

246 3385 406 3440 Nulla
438 3386 651 3453 placere
688 3383 779 3436 diu
813 3402 910 3438 nec
945 3385 1120 3441 vivere
1158 3388 1393 3440 carmina
1432 3389 1661 3453 possunt,

240 3470 387 3535 Quae
427 3469 730 3523 scribuntur
773 3485 942 3536 aquae
981 3470 1268 3535 potoribus,
1318 3487 1439 3536 epp.
1485 3475 1527 3523 1.
1572 3472 1649 3521 19.
1688 3470 1734 3521 2.
