2332 3776
997 151 1349 208 ..37-

1124 277 1221 324 229.

240 351 325 407 Sic
361 354 451 423 qui
483 353 790 422 pauperiem
824 353 1020 407 veritus
1054 353 1259 420 potiore
1293 351 1521 406 metallis

239 439 603 493 Libertate
639 444 802 502 caret,
838 439 1107 492 dominum
1142 439 1300 492 vehet
1334 439 1606 507 improbus
1642 443 1799 509 atque

239 524 442 580 Serviet
475 530 770 590 aeternum,
810 527 935 596 quia
967 545 1130 594 parvo
1167 527 1367 581 nesciet
1402 527 1494 581 uti.
1571 545 1687 596 epp.
1732 534 1774 583 1.
1817 534 1895 583 10.
1935 533 2017 585 39.

383 620 416 648 O
1154 645 1161 656 .

238 670 472 738 Imperat
507 674 599 724 aut
634 672 794 724 servit
827 671 1048 725 collecta
1083 615 1308 739 pggg'nia
1344 673 1545 742 cuique,
1644 715 1646 717 »

238 757 453 813 Tortum
491 757 651 826 digna
688 760 834 828 sequi
868 759 1044 827 potius
1080 777 1240 827 quam
1276 759 1466 813 ducere
1492 760 1684 815 funem.
1733 778 1848 830 epp.
1876 765 2116 815 1.10.47.

1129 847 1226 891 231.

1253 903 1454 957 Utcrne

239 989 320 1042 Ad
358 1008 507 1043 casus
544 989 730 1057 dubios
766 989 894 1044 fidet
929 991 1029 1044 sibi
1069 991 1288 1056 certius,
1323 993 1412 1046 hic
1449 994 1540 1062 qui

238 1072 482 1127 Pluribus
517 1071 751 1126 adsuerit
787 1077 1019 1127 mentem
1056 1092 1346 1144 corpusque
1382 1076 1680 1144 superbum,

238 1162 322 1216 An
355 1162 446 1232 qui
483 1165 760 1216 contentus
795 1180 958 1230 parvo
995 1170 1336 1234 metuensque
1372 1166 1535 1219 futuri

238 1252 301 1305 In
335 1268 465 1320 pace
501 1254 560 1304 ut
596 1251 805 1319 sapiens
838 1253 1038 1320 aptarit
1074 1253 1265 1308 idonea
1299 1254 1481 1309 bello?
1554 1258 1649 1308 sat.
1688 1258 1735 1310 2.
1763 1258 1811 1309 2.
1860 1259 1974 1310 107.

237 1415 434 1480 Quodsi
470 1415 735 1470 dolentem
773 1434 871 1469 nec
903 1345 1336 1487 Phrygiu2s321apis

238 1501 348 1555 Nec
383 1519 742 1570 purpurarum
779 1503 953 1557 sidere
991 1505 1183 1558 clarior

379 1588 594 1643 Delenit
629 1607 754 1643 usus
791 1608 887 1643 nec
926 1590 1155 1644 Falerna

523 1676 663 1730 Vitis
687 1677 1205 1746 Achaemeniumque
1243 1683 1457 1742 costum,

241 1765 346 1820 Gur
381 1764 680 1819 invidendis
714 1764 954 1832 postibus
992 1768 1045 1818 et
1080 1782 1213 1818 novo

239 1851 472 1908 Sublime
504 1852 615 1906 ritu
650 1851 840 1905 moliar
879 1851 1077 1905 atrium
1091 1856 1116 1903 ⁸?

382 1940 485 1994 Cur
518 1925 653 1993 valle
687 1942 988 2006 permutem
1025 1937 1222 1992 Sabina

522 2024 749 2080 Divitias
786 2024 1151 2092 operosiores‘?
1226 2040 1384 2076 carm.
1425 2025 1471 2075 3.
1517 2025 1558 2075 1.
1599 2025 1681 2074 41.

1134 2111 1232 2155 233.

239 2186 451 2242 Saeviat
485 2189 644 2256 atque
684 2202 844 2238 novos
881 2189 1089 2240 moveat
1127 2184 1339 2238 fortuna
1377 2181 1664 2236 tumultus:

237 2275 503 2338 Quantum
535 2271 699 2325 hinc.
730 2270 1050 2328 imminuet?
1125 2275 1221 2327 sat.
1260 2277 1308 2326 2.
1348 2275 1396 2326 2.
1435 2273 1555 2325 126.

1137 2359 1234 2404 234.

238 2434 452 2489 Vivitur
486 2451 648 2502 parvo
686 2433 845 2498 bene,
886 2435 971 2487 cui
1006 2438 1287 2504 paternum

239 2520 491 2591 Splendet
526 2522 582 2573 in
617 2539 800 2574 mensa
836 2522 984 2574 tenui
1022 2522 1250 2575 salinum

238 2610 348 2665 Nec
379 2609 520 2663 leves
557 2626 765 2662 somnos
801 2608 960 2662 timor
994 2612 1088 2662 aut
1121 2607 1311 2677 cupido

379 2694 633 2750 Sordidus
671 2695 858 2750 aufert.
934 2714 1093 2751 carm.
1134 2702 1180 2751 2.
1226 2702 1304 2752 16.
1349 2701 1393 2750 3.

240 2852 637 2906 Inamarescunt
674 2854 861 2921 epulae
900 2854 1012 2909 sine
1051 2786 1409 2922 fine23getitae.
1484 2858 1579 2910 sat.
1620 2859 1669 2910 2.
1709 2859 1755 2908 7.
1796 2859 1908 2909 107.

1150 2943 1247 2986 236.

240 3015 454 3070 Ieiunus
490 3016 796 3070 stomachus
835 3034 958 3069 raro
997 3015 1237 3086 vulgaria
1274 3016 1480 3070 temnit.
1554 3018 1651 3070 sat.
1691 3019 1737 3069 2.
1779 3018 1825 3068 2.
1865 3018 1946 3067 38.

1161 3104 1258 3148 ⁴237.

946 3171 1075 3224 Cum
1115 3171 1222 3225 sale
1257 3173 1411 3240 panis

242 3258 549 3311 Latrantem
591 3258 920 3312 stomachum
958 3258 1092 3311 bene
1130 3257 1306 3312 leniet.
1380 3257 1450 3311 ib.
1495 3261 1570 3309 17.

242 3403 384 3459 Cena
420 3404 596 3458 brevis
634 3404 783 3457 iuvat
820 3406 873 3458 et
908 3420 1072 3471 prope
1113 3347 1280 3456 rssflsin
1321 3418 1530 3455 somnus
1570 3400 1622 3452 in
1662 3396 1842 3452 herba..
1972 3483 2002 3534 3

895 3493 905 3503 “
1610 3501 1729 3553 epp.
1772 3488 1815 3536 1.
1862 3485 1937 3537 14.
2007 3485 2053 3543 5,
