2332 3776
964 175 1314 226 ...40—

1098 299 1194 346 250.

210 376 254 430 Ο
289 395 403 441 rus,
439 376 648 445 quando
683 393 776 445 ego
811 379 864 429 te
902 375 1191 442 adspiciam
1227 375 1538 444 quandoque
1576 375 1760 429 licebit

211 461 362 515 Nunc
395 466 629 514 veterum
667 457 830 520 libris,
865 477 1003 511 nunc
1041 477 1221 512 somno
1254 464 1307 512 et
1344 459 1602 512 inertibus
1637 459 1781 511 horis

215 546 417 610 Ducere
460 544 715 597 sollicitae
750 543 978 596 iucunda
1014 544 1208 597 oblivia
1244 544 1418 597 vitae?
1491 548 1586 596 sat.
1627 550 1672 598 2.
1715 549 1760 599 6.
1800 548 1882 597 60.
1930 545 1934 549 ’

1109 648 1204 692 251.

220 720 542 788 Scriptorum
581 721 770 773 chorus
807 720 975 772 omnis
1011 725 1155 773 amat
1192 739 1375 774 nemus
1408 725 1462 774 et
1494 721 1630 790 fugit
1666 721 1834 775 urbes

1611 822 1722 872 epp.
1767 810 1811 858 2.
1855 810 1901 859 2.
1937 810 2020 859 77.

1109 876 1206 919 252.

224 949 309 1001 Me
347 951 585 1000 constare
625 947 755 999 mihi
794 948 894 1000 scis
933 951 987 1000 et
1024 947 1295 1004 discedere
1332 949 1554 1013 tristem,

222 1035 648 1104 Quandocunque
683 1035 903 1087 trahunt
933 1035 1102 1089 invisa
1139 1038 1350 1106 negotia
1385 1038 1620 1093 Romam.
1660 1055 1774 1105 epp.
1823 1044 1862 1092 1.
1897 1043 1972 1091 14.
2014 1042 2091 1091 16.

1115 1136 1212 1181 253.

226 1210 302 1263 Tu
337 1209 516 1262 nidum
559 1227 746 1262 servas,
822 1209 932 1276 Ego
967 1208 1123 1261 laudo
1158 1209 1296 1260 ruris
1328 1209 1534 1261 amoeni

227 1293 385 1353 Rivos
423 1297 477 1345 et
511 1309 690 1345 musco
728 1292 1025 1345 circumlita
1060 1310 1186 1344 saxa
1222 1310 1524 1360 nemusque.
1597 1309 1715 1360 epp.
1760 1299 1802 1347 1.
1845 1297 1920 1346 10.
1957 1296 2003 1346 6.

1108 1394 1205 1438 254.

233 1468 457 1521 Parvum
492 1485 656 1535 parva
693 1466 910 1533 decent3
948 1468 1080 1520 mihi
1115 1469 1221 1521 iam
1259 1486 1364 1521 non
1402 1469 1549 1538 regia
1588 1469 1755 1522 Roma

233 1553 333 1608 Sed
370 1571 591 1606 vacuum
628 1552 791 1606 Tibur
826 1553 1000 1620 placet
1036 1560 1129 1606 aut
1164 1553 1379 1607 imbelle
1414 1553 1711 1608 Tarentum.
1762 1571 1878 1621 epp.
1899 1559 1942 1607 1.
1961 1558 2003 1605 7.
2027 1557 2107 1606 44.

1125 1656 1221 1700 255.

234 1744 278 1796 Ο
313 1744 428 1796 fons
466 1742 765 1797 Bandusiae
797 1742 1123 1809 splendidior
1158 1743 1307 1805 vitm,

236 1829 392 1882 Dulci
426 1828 582 1899 digne
620 1846 764 1882 mero
802 1846 908 1881 non
946 1829 1057 1882 sine
1094 1828 1311 1882 fioribus
1349 1833 1446 1884 etc.
1521 1847 1678 1884 carm.
1719 1834 1766 1885 3.
1811 1829 1889 1885 13'.
1935 1835 1974 1884 1.

484 1982 487 1985 .
1131 1928 1228 1972 256.

237 2001 430 2054 Beatus
466 2000 583 2063 ille,
621 2000 712 2068 qui
749 2000 932 2067 procul
971 2001 1210 2069 negotiis,

380 2090 456 2144 Ut
490 2090 667 2158 prisca
700 2108 827 2159 gens
864 2091 1166 2143 mortalium

240 2174 467 2227 Paterna
498 2191 624 2226 rura
654 2173 823 2227 bobus
861 2179 1069 2227 exercet
1107 2173 1214 2226 suis

384 2257 595 2311 Solutus
632 2258 775 2310 omni
813 2257 1005 2310 fenore.
1082 2256 1230 2324 epod.
1268 2261 1313 2310 2.
1359 2261 1399 2308 l.

1134 2357 1230 2400 257.

245 2435 358 2489 Hoc
395 2439 510 2488 erat
544 2435 599 2487 in
639 2435 799 2487 votis:
852 2434 1062 2498 „modus
1096 2434 1210 2503 agri
1250 2451 1354 2486 non
1391 2433 1469 2486 ita
1503 2451 1738 2503 magnus

246 2525 444 2578 Hortus
479 2523 571 2576 ubi
610 2527 664 2576 et
699 2527 839 2577 tecto
875 2523 1076 2576 vicinus
1113 2523 1253 2592 iugis
1290 2540 1457 2591 aquae
1493 2522 1609 2575 fons

245 2611 316 2664 Et
350 2603 565 2679 paulum
605 2610 764 2663 silvae
804 2627 962 2677 super
1000 2610 1083 2662 his
1115 2609 1296 2662 foret.''
1370 2608 1590 2661 Auctius
1626 2612 1784 2676 atque

247 2700 315 2752 Di
350 2699 537 2753 melius
573 2698 758 2752 fecere.
834 2698 975 2751 Bene
1012 2701 1118 2751 est:
1169 2697 1305 2749 nihil
1341 2696 1567 2763 amplius
1604 2713 1710 2750 oro,
1774 2698 1869 2749 sat.
1911 2698 1958 2748 2.
1993 2697 2040 2747 6.
2081 2697 2124 2775 1.

1199 2797 1237 2842 8.

254 2872 495 2940 Quinque
533 2871 645 2925 dies
680 2871 782 2925 tibi
817 2871 1085 2939 pollicitus
1121 2798 1204 2923 1Ξί
1240 2889 1363 2924 rure
1403 2870 1637 2923 futurum

251 2959 502 3012 Sextilem
539 2962 706 3011 totum
744 2958 971 3012 mendax
1008 2959 1293 3012 desideror.
1363 2975 1479 3025 epp.
1524 2963 1567 3012 1.
1608 2962 1652 3010 7.
1695 2963 1737 3012 1.

252 3130 429 3198 thue
466 3127 752 3182 sacerdotis
789 3129 1040 3197 fugitivus
1076 3058 1434 3191 lib239recuso3

253 3210 394 3264 Pane
433 3227 560 3279 egeo
597 3210 703 3263 iam
742 3211 957 3264 mellitis
992 3211 1196 3278 potiore
1231 3211 1502 3277 placentis,
1580 3229 1694 3279 epp.
1739 3217 1781 3267 1.
1826 3218 1901 3265 10.
1949 3217 2027 3266 11.

1141 3316 1238 3360 260.

253 3384 512 3438 Naturam
548 3385 782 3452 expellas
821 3385 990 3449 furca,
1029 3390 1203 3439 tamen
1245 3404 1410 3454 usque
1448 3390 1684 3440 recurret

146 3514 150 3517 -
250 3472 319 3526 Et
356 3491 406 3526 m
428 3473 538 3526 ala
573 3478 879 3542 perrumpet
914 3474 1097 3530 furtim
1134 3473 1437 3532 fastidia
1473 3473 1676 3531 victrix.
1725 3474 1794 3527 ib.
1835 3477 1916 3533 24,

2324 547 2332 596 ...A
2328 532 2332 540 .
2324 520 2332 525 ³
2324 477 2332 512 m.
2320 323 2332 465 „flua-zue...
2307 244 2332 315 ’.ὠῆᾈ
2261 0 2332 238 ἠὼ
