2332 3776
1011 193 1077 205 ..-
1150 143 1214 221 30
1289 197 1358 206 ..-

1141 293 1237 335 169.

643 364 842 427 „Liber,
882 365 1015 418 liber
1052 373 1205 428 sum“,
1244 365 1330 418 dic
1367 383 1476 435 age.
1548 365 1664 419 Non
1700 366 1845 434 quis:

369 452 536 520 Urget
572 453 710 505 enim
751 453 992 506 dominus
1030 459 1258 507 mentem
1296 472 1401 507 non
1436 455 1569 507 lenis
1607 459 1660 506 et
1691 473 1836 508 acres

354 536 624 590 Subiectat
657 537 792 588 lasso
827 537 1065 588 stimulos
1103 541 1380 605 versatque
1410 542 1703 606 negantem.
1777 542 1872 592 sat.
1900 543 1947 591 2.
1980 542 2025 590 7.
2042 542 2125 592 92.

651 699 689 741 b.
723 701 819 750 {In
851 697 1103 743 Gliiek
1137 701 1288 752 und
1318 698 1691 754 Ungliick.

1586 787 1708 836 Quod
1731 789 1856 842 petis,
1890 789 1958 830 hic
1986 800 2071 838 est;

763 861 843 901 Est
884 860 1071 912 Ulubris,
1105 862 1307 903 animus
1334 863 1464 903 site
1494 877 1593 903 non
1621 863 1827 916 deficit
1855 878 2069 915 aequa-3.

1585 947 1683 989 epp.
1716 935 1754 979 1.
1789 935 1855 979 11.
1889 936 1957 979 30.

1121 1007 1127 1012 ·
1153 991 1250 1035 170.

261 1066 322 1130 a)
360 1061 459 1114 Nil
495 1061 828 1114 admirari
866 1078 1030 1128 prope
1067 1079 1150 1114 res
1192 1067 1271 1114 est
1305 1081 1423 1127 una,
1460 1062 1682 1127 Numici,

363 1146 600 1216 Solaque,
635 1164 769 1214 quae
806 1147 972 1214 possit
1002 1146 1174 1200 facere
1214 1153 1267 1200 et
1304 1166 1508 1203 servare
1548 1150 1777 1203 beatum.
1815 1166 1931 1216 epp.
1959 1153 2063 1203 1.6.
2086 1155 2127 1203 1.

1153 1247 1250 1291 171.

360 1321 527 1384 Quem
562 1336 646 1373 res
678 1319 796 1387 plus
834 1318 997 1371 nimio
1036 1318 1363 1373 delectavere
1401 1321 1673 1385 secundae,

363 1406 598 1459 Mutatae
637 1404 891 1473 quatient.
969 1420 1086 1471 epp.
1130 1411 1170 1458 1.
1215 1410 1291 1459 10.
1332 1410 1414 1461 30.

1155 1510 1252 1553 172.

366 1583 579 1636 Rectius
618 1581 772 1644 vives,
812 1580 996 1643 Licini,
1035 1598 1205 1648 neque
1242 1583 1408 1636 altum

300 1660 304 1663 ’
369 1670 586 1737 Semper
616 1668 851 1736 urgendo
884 1686 1077 1738 neque,
1116 1668 1241 1721 dum
1269 1671 1526 1737 procellas

368 1757 561 1811 Cautus
593 1756 875 1820 horresciS,
924 1756 1145 1807 nimium
1178 1758 1467 1823 premendo

639 1842 787 1894 Litus
818 1840 1071 1909 iniquum.

370 1919 598 1982 Auream
629 1927 867 1996 quisquis
904 1925 1325 1980 mediocritatem

365 2014 568 2084 Diligit,
606 2019 750 2066 tutus
787 2017 933 2066 caret
970 2012 1192 2066 obsoleti

367 2100 619 2155 Sordibus
654 2101 803 2165 tecti,
855 2104 1000 2153 caret
1036 2099 1321 2154 invidenda

647 2188 865 2242 Sobrius
904 2187 1039 2242 aula.
1113 2205 1271 2242 carm.
1311 2191 1358 2240 2.
1405 2191 1482 2241 10.
1524 2193 1565 2242 1.

1158 2293 1254 2338 173.

377 2353 612 2439 Aequam
645 2372 915 2422 memento
949 2367 1108 2421 rebus
1145 2367 1204 2418 in
1235 2366 1416 2419 arduis

368 2458 586 2512 Servare
622 2461 876 2520 mentem,
913 2472 1018 2508 non
1055 2472 1205 2508 secus
1241 2456 1300 2508 in
1336 2455 1488 2509 bonis

509 2548 590 2602 Ab
628 2546 874 2601 insolenti
909 2549 1260 2612 temperatam

650 2635 891 2699 Laetitia,
931 2634 1183 2687 moriture
1222 2632 1378 2688 Delli.
1451 2651 1611 2688 carm.
1651 2638 1699 2688 2.
1738 2638 1783 2689 3.
1823 2640 1866 2690 1.

1138 2735 1234 2780 174.

363 2810 529 2864 Grata
565 2805 909 2875 superveniet,
947 2823 1082 2873 quae
1120 2823 1226 2859 non
1264 2808 1674 2874 sperabitur
1709 2807 1855 2862 hora.

1688 2909 1806 2961 epp,
1838 2899 1881 2948 1.
1906 2898 1955 2947 4.
1986 2897 2063 2946 14.

1135 2964 1232 3008 175.

782 3036 872 3102 Tu,
909 3035 1034 3090 dum
1070 3040 1166 3090 tua
1199 3037 1348 3091 navis
1383 3037 1440 3089 in
1476 3035 1584 3090 alto
1621 3041 1712 3104 est,

370 3125 484 3180 Hoc
522 3141 633 3195 age,
671 3142 737 3178 ne
775 3127 980 3177 mutata
1001 3128 1290 3178 retrorsum
1322 3128 1374 3179 te
1401 3123 1538 3177 ferat
1562 3143 1704 3178 aura.
1746 3143 1863 3194 epp.
1886 3130 2023 3182 1.18.
2054 3129 2136 3183 87.

1140 3242 1235 3287 176.

982 3312 1105 3365 Iure
1141 3312 1421 3379 perhorrui

373 3397 501 3451 Late
545 3396 880 3464 conspicuum
926 3397 1110 3450 tollere
1157 3399 1418 3464 verticem,

650 3482 939 3546 MaecenaS,
977 3481 1215 3552 equitum
1250 3482 1423 3541 decue.
