2332 3776
962 138 1313 193 —3-11—

301 265 508 330 Quanto
545 265 765 336 quisque
801 265 902 318 sibi
938 265 1094 332 plura
1128 266 1400 335 negaverit

307 353 470 406 A.dis
506 351 660 420 plura
690 352 851 406 feret:
889 351 967 405 nil
1005 352 1330 419 cupientium

301 439 484 492 Nudus
523 444 698 492 castra
733 442 856 506 peto
896 443 950 491 et
985 438 1257 507 transfuga
1291 438 1511 491 divitum

594 525 776 578 Partes
814 524 1052 592 linquere
1091 524 1272 593 gestio,

301 610 643 679 Contemptae
684 610 925 664 dominus
964 609 1290 677 splendidior
1327 610 1404 664 rei
1441 614 1537 666 etc.
1592 629 1752 669 carm.
1790 619 1836 669 3.
1878 621 1954 671 16.
2000 622 2075 674 18,

1083 693 1178 737 177.

300 766 444 836 Fuge
483 772 705 836 magna!
780 782 897 833 epp.
939 771 982 820 1.
1027 770 1104 820 10.
1147 768 1227 819 32.

404 852 407 853 ’
1091 846 1187 891 178.

1150 923 1355 963 Adversis
1388 938 1519 964 rerum
1553 924 1838 967 immersabilis
1867 929 2020 969 undis!

1555 992 1651 1035 epp.
1688 982 1726 1026 1.
1760 983 1799 1027 2.
1833 983 1901 1029 22.

190 1061 259 1126 β)
299 1055 627 1124 Impavidum
666 1052 859 1106 ferient
893 1052 1092 1123 ruinae.
1169 1070 1328 1108 carm.
1368 1058 1415 1109 3.
1458 1059 1502 1108 3.
1543 1057 1588 1108 8.

1079 1135 1177 1178 179.

235 1269 237 1271 y
301 1210 372 1263 Et
407 1209 674 1280 quondam
713 1208 916 1261 maiora
952 1206 1066 1262 tuli.
1141 1211 1235 1263 sat.
1276 1212 1321 1263 3.
1362 1214 1408 1262 5.
1445 1213 1526 1265 31.

1089 1294 1185 1339 180.

299 1374 526 1427 Durum:
568 1371 660 1425 sed
696 1371 862 1425 levius
898 1369 960 1423 fit
994 1371 1256 1437 patientia

445 1455 713 1525 Quidquid
750 1454 1013 1524 corrigere
1049 1459 1130 1508 est
1166 1454 1331 1508 nefas,
1405 1474 1562 1512 carm.
1606 1440 1647 1514 1.
1685 1464 1764 1514 24.
1809 1466 1887 1517 19.

1084 1541 1180 1586 181.

294 1617 531 1670 Fortuna
569 1633 723 1670 saevo
758 1616 900 1669 laeta
930 1615 1141 1685 negotio
1179 1620 1232 1670 et

310 1702 516 1756 Ludum
554 1702 868 1755 insolentem
904 1701 1086 1755 ludere
1123 1703 1371 1769 pertinax

440 1788 779 1842 ‘l‘ransmutat
813 1788 1042 1840 incertos
1079 1787 1317 1854 honoreS,

569 1874 723 1928 Nunc
760 1875 893 1927 mihi
931 1892 1070 1928 nunc
1110 1875 1202 1928 alii
1242 1877 1486 1948 benigna.

303 1965 484 2020 Laudo
522 1969 851 2019 manentem:
890 1965 935 2017 si
972 1963 1168 2019 celeres
1204 1968 1378 2035 quatit

313 2053 530 2114 Pennas,
562 2053 772 2122 resigno
804 2068 939 2120 quae
976 2049 1126 2104 dedit
1162 2055 1216 2105 et
1249 2070 1368 2106 mea

447 2137 658 2191 Virtute
696 2154 780 2190 me
812 2135 1019 2190 involvo
1055 2136 1381 2206 probamque

582 2223 895 2291 Pauperiem
932 2222 1044 2276 sine
1081 2221 1203 2276 dcte
1237 2240 1446 2292 quaero.

312 2313 430 2368 Non
467 2317 548 2366 est
582 2330 757 2368 meum
796 2313 842 2366 si
877 2312 1080 2382 mugiat
1110 2311 1302 2366 Africis

310 2405 483 2460 Malus
518 2405 764 2473 procellis
797 2404 867 2458 ad
902 2405 1123 2458 miseras
1158 2421 1343 2472 preces

296 2492 607 2551 Decurrere.
679 2509 838 2547 carm.
877 2494 924 2547 3.
962 2495 1046 2545 29.
1084 2494 1168 2546 49.

1082 2578 1180 2623 182.

292 2653 367 2707 Ut
407 2653 609 2719 meliuS,
644 2651 904 2723 quidquid
940 2652 1055 2718 erit,
1091 2652 1231 2721 pati!
1304 2671 1461 2708 carm.
1506 2661 1549 2712 1.
1593 2661 1672 2714 11.
1713 2661 1760 2714 3.

1070 2737 1166 2784 183.
1233 2796 1412 2852 Vivite
1448 2797 1610 2853 fortes

294 2884 582 2954 Fortiaque
618 2883 851 2939 adversis
890 2884 1140 2953 opponite
1179 2889 1396 2953 pectora
1420 2887 1592 2943 rebus.
1666 2892 1763 2944 sat.
1801 2892 1848 2942 2.
1878 2893 1925 2946 2.
1957 2893 2071 2946 136.

1085 2971 1181 3018 184.

854 3047 1121 3102 Fortunae
1271 3065 1583 3117 responsare
1622 3050 1878 3119 superbae

297 3132 551 3188 Liberum
592 3138 647 3188 et
682 3138 930 3191 erectum.
1003 3152 1120 3204 epp.
1167 3140 1209 3189 1.
1252 3141 1294 3189 1.
1335 3140 1415 3191 68.

317 3280 492 3334 Fortis
529 3285 583 3334 et
619 3279 687 3332 in
725 3297 790 3334 se
827 3280 978 3348 ipso
1018 3223 1227 3346 t01t83.8’
1262 3285 1402 3336 teres
1433 3285 1591 3351 atque
1629 3279 1896 3345 rotundus

306 3368 528 3423 Externi
565 3386 632 3422 ne
670 3367 797 3436 quid
832 3368 1006 3423 valeat
1042 3386 1137 3437 per
1169 3369 1283 3423 leve
1321 3369 1530 3434 morari,

290 3454 354 3510 In
393 3472 552 3524 quem
589 3470 777 3507 manca
811 3454 920 3508 ruit
955 3472 1161 3526 semper
1198 3457 1448 3511 Fortuna.
1522 3457 1618 3509 sat.
1656 3457 1703 3511 2.
1744 3458 1791 3510 7.
1831 3457 1913 3510 86.
