2288 3762
1195 909 1235 978 I

593 1042 755 1157 ner
831 1040 1185 1157 wandel
1236 957 1349 1155 'in
1428 1039 1853 1156 Tharnen.

418 1317 475 1385 1.
532 1318 678 1386 Das
719 1317 1022 1388 Rennen
1058 1317 1211 1387 und
1251 1316 1300 1385 J
1303 1334 1487 1401 agen
1525 1316 1718 1384 naoh
1764 1312 2024 1417 Gliiok.

872 1464 1055 1505 Strenua
1084 1479 1159 1504 nos
1191 1471 1349 1502 exercet
1381 1460 1555 1502 inertia:
1588 1460 1764 1500 navibus
1796 1468 1920 1512 atque

872 1537 1103 1591 Quadriyis
1131 1537 1307 1590 petimus
1340 1537 1468 1587 „bene
1501 1533 1679 1576 vivere.”
1723 1545 1821 1587 epp.
1855 1531 1896 1574 1.
1930 1532 1996 1574 ll.
2027 1529 2098 1574 28.

1199 1642 1238 1685 1.

274 1719 500 1772 Otium
537 1717 684 1770 divos
721 1720 876 1787 rogat
909 1717 966 1768 in
1003 1715 1208 1783 patenti

273 1804 499 1858 Prensus
537 1803 766 1872 Aegram,
805 1803 960 1856 simul
998 1807 1116 1856 atra
1153 1801 1320 1855 nubes

275 1889 522 1944 Condidit
558 1890 738 1944 lunam
775 1909 944 1959 neque
983 1895 1130 1944 certa
1166 1889 1371 1961 fulgent

413 1974 600 2029 Sidera
638 1977 837 2043 nautis3

270 2059 499 2114 Otium
537 2061 675 2114 bello
712 2062 907 2115 furiosa
943 2063 1156 2127 Thrace,

270 2147 495 2202 Otium
531 2149 675 2203 Medi
712 2150 968 2217 pharetra
1006 2150 1199 2215 decori,

267 2237 527 2305 Grosphe‚
565 2255 672 2291 non
708 2240 930 2308 gemmis
967 2257 1137 2308 neque
1175 2257 1412 2308 purpura
1448 2258 1535 2294 ve-

406 2325 530 2380 nale
560 2343 658 2379 nec
694 2332 846 2379 auro!
921 2343 1080 2382 carm.
1116 2331 1161 2382 2.
1210 2333 1285 2382 16.
1329 2333 1372 2382 1.

1187 2433 1230 2476 2.

545 2502 683 2567 Quid
718 2506 888 2557 terras
927 2504 1030 2556 alio
1066 2503 1301 2557 calentes

265 2589 383 2644 Sole
419 2593 718 2643 mutamus?
763 2590 971 2658 patriae
1005 2591 1124 2659 quis
1163 2589 1283 2644 exul

404 2676 471 2732 Se
506 2695 713 2747 quoque
751 2677 924 2747 fugit?

265 2764 483 2819 Soandit
516 2769 724 2818 aeratas
760 2766 950 2818 vitiosa
987 2784 1147 2821 naves

265 2849 402 2904 Cura
437 2868 533 2905 neo
567 2856 770 2905 turmas
808 2854 1046 2922 equitum
1079 2855 1347 2926 relinquit,

264 2934 421 2990 Ocior
457 2938 624 2991 cervis
660 2943 715 2992 et
749 2944 941 3009 agente
979 2941 1187 2995 nimbos

403 3022 559 3078 Ocior
595 3026 752 3082 Euro,
826 3045 983 3080 carm.
1021 3033 1066 3083 2.
1106 3033 1185 3084 16.
1230 3034 1306 3084 18.

811 3266 817 3271 1
968 3204 1146 3257 Timor
1180 3136 1236 3258 {t
1268 3206 1443 3259 Minae

263 3282 534 3358 Soandunt
568 3282 774 3347 eodem,
809 3303 911 3354 quo
949 3286 1190 3340 dominus
1228 3306 1399 3357 neque

408 3366 630 3422 Decedit
665 3372 848 3421 aerata
883 3370 1091 3424 triremi
1126 3375 1179 3424 et

539 3455 664 3515 Post
701 3457 932 3533 equitem
972 3459 1122 3519 sedet
1158 3463 1280 3516 atra
1314 3458 1463 3517 Cura.
1538 3476 1697 3515 carm.
1744 3462 1792 3514 3.
1838 3463 1879 3514 1.
1920 3460 2002 3521 37,
