2332 3776
1041 151 1394 214 ...μή

281 346 335 427 y)
389 344 637 408 Fecunda
671 346 856 421 culpae
894 355 1108 410 saecula.
1138 285 1349 425 nubpttias

383 439 616 493 Primum
651 439 993 508 inquinavere
1031 447 1085 496 et
1119 462 1284 513 genus
1321 448 1375 499 et
1409 442 1618 500 domos:

523 529 637 583 Hoc
672 529 816 583 fonte
851 530 1091 585 derivata
1127 533 1303 588 clades

662 617 726 670 In
763 619 993 684 patriam
1023 621 1385 691 populumque
1422 620 1588 680 fluxit.
1623 641 1780 680 carm,
1816 628 1860 678 3.
1899 627 1946 680 6.
1988 626 2068 681 17.

1169 707 1238 752 55.

660 759 813 814 Levis
847 780 955 815 una
990 781 1130 818 mors
1166 770 1247 818 est

385 847 664 918 Virginum
701 850 902 918 culpae.
941 869 1099 908 carm.
1139 857 1185 908 3.
1223 858 1306 907 27.
1345 859 1426 910 37.

1178 934 1246 980 56.

280 1000 334 1071 ὁ)
384 1001 621 1055 Furorne
658 1019 855 1067 caecus
893 1021 964 1056 an
994 1004 1138 1071 rapit
1175 1005 1253 1059 vis
1288 1006 1474 1071 acrior,

520 1090 605 1142 An
640 1090 833 1157 culpa?
871 1091 1199 1160 Responsum
1234 1094 1384 1148 date!

382 1177 580 1231 Tacent
611 1181 666 1231 et
702 1195 795 1231 ora
829 1178 1002 1246 pallor
1036 1180 1187 1234 albus
1222 1181 1394 1234 inficit

527 1261 838 1334 Mentesque
870 1263 1146 1339 perculsae
1183 1269 1409 1332 stupent.

382 1344 468 1398 Sic
502 1348 606 1399 est:
645 1345 838 1399 acerba
874 1345 986 1399 fata
1021 1346 1284 1402 Romanos
1320 1353 1487 1419 agunt

521 1429 802 1499 Scelusque
834 1430 1101 1485 fraternae
1139 1434 1299 1489 necis,
1337 1434 1486 1503 epod.
1523 1440 1568 1489 7.
1613 1439 1692 1491 13.

1176 1516 1245 1561 57.

277 1592 337 1662 ε)
798 1588 980 1643 Nescit
1016 1609 1150 1660 equo
1184 1593 1330 1646 rudis

379 1680 612 1734 Haerere
648 1677 907 1747 ingenuus
944 1697 1077 1746 puer

518 1769 822 1837 Venarique
857 1769 1021 1834 timet,
1059 1769 1239 1823 ludere
1276 1769 1498 1835 doctior,

380 1857 483 1911 Seu
518 1856 719 1909 Graeco
750 1855 933 1909 iubeas
968 1856 1167 1921 troch0‚

522 1942 625 1996 Seu
660 1943 812 1996 malis
848 1944 1012 1997 vetita
1046 1944 1251 2013 legibus
1286 1945 1418 2010 alea,

378 2031 508 2085 Cum
545 2030 761 2099 periura
796 2031 964 2097 patris
1000 2029 1132 2084 fides

520 2117 824 2171 Consortem
860 2118 1060 2171 socium
1097 2117 1248 2171 fallat
1285 2116 1613 2185 ethospites
1691 2171 1695 2173 ,

383 2201 714 2272 Indignoque
750 2201 1028 2268 pecuniam

527 2289 729 2344 Heredi
765 2293 1030 2357 properet.
1070 2306 1230 2343 carm.
1271 2293 1316 2343 3.
1353 2292 1435 2344 24.
1477 2295 1559 2345 54.

1179 2375 1247 2418 58.

276 2448 332 2519 ζ)
382 2447 664 2502 Contracta
699 2447 870 2515 pisces
905 2466 1137 2517 aequora
1173 2449 1409 2503 sentiunt

378 2536 538 2589 Iactis
569 2535 626 2588 in
661 2535 827 2588 altum
859 2534 1110 2589 molibus:
1144 2535 1248 2587 huc
1282 2534 1528 2604 frequens

526 2623 812 2677 Caementa
849 2622 1084 2676 demittit
1118 2622 1422 2690 redemptor

668 2706 795 2760 Cum
833 2705 1044 2760 famulis
1082 2705 1428 2775 dominusque
1466 2709 1640 2760 terrae

387 2794 727 2851 Fastidiosus
801 2812 958 2850 carm.
998 2799 1045 2850 3.
1088 2801 1133 2850 1.
1172 2799 1255 2850 33.

1177 2884 1245 2928 59.

383 2961 498 3015 Iam
533 2975 703 3028 pauca
732 2962 908 3011 aratro
945 2957 1129 3026 iugera
1164 2957 1341 3026 regiae

382 3047 548 3103 Moles
583 3045 912 3114 relinquent,
948 3044 1181 3113 undique
1212 3043 1372 3097 latius

520 3132 752 3185 Extenta
785 3131 1022 3184 visentur
1056 3130 1283 3184 Lucrino

660 3217 859 3287 Stagna
892 3217 1011 3271 lacu
1044 3217 1391 3285 platanusque
1429 3209 1635 3267 caelebs

381 3307 601 3364 Evincet
636 3305 808 3360 ulmos
847 3347 884 3361 ..
904 3348 943 3361 ..
979 3336 1050 3343 —-
1085 3303 1204 3357 Non
1240 3298 1317 3355 ita
1352 3299 1564 3355 Romuli

520 3393 909 3462 Praescriptum
947 3395 1000 3445 et
1035 3390 1231 3445 intonsi
1269 3388 1481 3444 Catonis

662 3479 923 3552 Auspiciis
956 3482 1296 3550 veterumque
1332 3490 1531 3532 norma.
1604 3490 1761 3536 carm.
1800 3479 1847 3536 2.
1890 3483 1967 3538 15.
2012 3486 2052 3540 1.
