2332 3776
938 165 1290 221 *29*-

1064 290 1161 334 161.

174 389 198 420 ε
205 370 230 437 )
277 367 462 420 Fortes
497 368 745 417 creantur
780 362 1004 415 fortibus
1037 366 1091 414 et
1126 361 1306 427 bonis3

277 453 373 505 Est
407 452 463 503 in
495 449 741 511 iuvencis,
779 453 859 500 est
893 449 951 499 in
987 447 1135 515 equis
1173 452 1383 514 patrum

411 535 595 587 Virtus
632 550 804 600 neque
839 531 1109 585 imbellem
1145 531 1345 585 seroces

543 618 904 687 Progenerant
942 616 1150 684 aquilae
1190 616 1503 669 columbam.
1578 633 1737 671 carm„
1790 623 1838 670 4.
1876 621 1923 669 4.
1962 620 2047 669 29.

1058 701 1155 744 162.

276 774 384 827 Dos
420 778 502 826 est
539 791 732 843 magna
767 772 1069 839 parentium

275 856 470 912 Virtus
543 875 704 913 carm.
745 862 790 911 3.
832 861 912 911 24.
954 861 1035 910 21.

364 1195 503 1263 III.
576 1195 989 1264 Mannliche
1035 1195 1854 1279 Selbstbeherrschung.

431 1326 474 1378 a)
506 1323 604 1365 im
625 1323 919 1378 Kampf
936 1323 1066 1367 mit
1083 1322 1222 1365 der
1242 1321 1794 1368 Leidensehast.

1067 1426 1217 1466 Pers-ta
1257 1435 1378 1478 atque
1411 1426 1602 1466 obdura!
1660 1438 1744 1468 sat.
1778 1428 1817 1470 2.
1852 1429 1890 1470 5.
1925 1427 1993 1470 39.

1065 1517 1161 1561 163.
1413 1509 1419 1515 “

415 1590 548 1643 Mihi
574 1609 671 1654 reS,
707 1608 813 1643 non
840 1608 922 1642 me
949 1590 1106 1643 rebus
1134 1591 1450 1659 subiungere
1480 1608 1653 1645 conor.
1694 1607 1811 1658 epp
1840 1598 1881 1647 1.
1909 1598 1948 1646 1.
1976 1597 2056 1646 19.

710 1680 712 1682 ’
1066 1681 1164 1726 164.
1221 1711 1224 1713 -

277 1759 366 1808 lra
402 1755 549 1808 furor
584 1746 760 1807 brevis
796 1758 903 1806 est':
943 1754 1178 1806 animum
1209 1772 1360 1822 rege3
1411 1754 1500 1822 qui
1539 1753 1639 1805 nisi
1676 1757 1842 1820 paret,

279 1847 526 1913 Imperat,
554 1845 691 1898 hunc
718 1845 893 1905 freniS,
921 1845 1060 1897 hunc
1087 1849 1146 1897 tu
1164 1862 1434 1911 compesce
1457 1848 1659 1900 catena.
1699 1861 1816 1911 epp.
1837 1848 1939 1899 1.2.
1970 1849 2051 1899 62.

1077 1936 1173 1981 165.

981 2008 1081 2071 Qui
1117 2026 1222 2061 non
1260 2009 1623 2063 moderabitur
1660 2012 1784 2074 irae,

278 2096 535 2150 Infectam
576 2096 714 2149 volet
753 2113 878 2159 esse,
916 2095 1065 2148 dolor
1101 2096 1240 2165 quod
1277 2098 1501 2151 suaserit
1537 2103 1591 2151 et
1626 2115 1788 2154 mens,
1860 2098 1931 2152 ib.
1972 2103 2054 2153 59.

1070 2203 1165 2245 166.

290 2277 407 2343 Irae
445 2276 710 2345 Thyesten
744 2276 906 2329 exitio
939 2260 1086 2345 gravi

287 2362 530 2415 Stravere
570 2366 624 2414 et
659 2361 782 2414 altis
819 2361 1039 2415 urbibus
1071 2362 1292 2416 ultimae

429 2450 635 2504 Stetere
669 2467 871 2513 causae,
901 2467 995 2502 cur
1027 2451 1265 2517 perirent

564 2539 827 2592 Funditus
866 2539 1298 2607 imprimeretque
1337 2542 1502 2593 muris

288 2623 491 2678 Hostile
530 2628 767 2677 aratrum
805 2625 1065 2677 exerc-itus
1100 2625 1345 2680 insolens,

279 2710 561 2778 Compesce
600 2716 859 2764 mentem!
937 2729 1095 2764 carm.
1138 2717 1180 2766 1.
1228 2717 1306 2767 16.
1355 2717 1430 2767 17.

1074 2812 1170 2855 167.

560 2886 659 2950 Qui
699 2888 905 2954 cupiet,
944 2891 1145 2941 metuet
1181 2906 1418 2956 quoque3
1468 2907 1626 2956 porro

288 2971 388 3036 Qui
426 2979 665 3026 metuens
703 2973 854 3037 vivet,
891 2973 1028 3027 liber
1065 2974 1197 3027 mihi
1235 2993 1339 3028 non
1378 2976 1758 3049 erit-unquam.

1535 3079 1654 3130 epp.
1700 3070 1741 3118 1.
1788 3067 1864 3118 16.
1905 3067 1987 3117 65.

1073 3144 1168 3189 168.

282 3218 467 3271 Latius
502 3235 691 3286 regnes
728 3218 939 3270 avidum
977 3217 1238 3271 domando

285 3305 569 3373 Spiritum,
608 3323 767 3373 quam
806 3306 850 3358 si
883 3306 1108 3375 Libyam
1144 3308 1363 3360 remotis

284 3393 521 3448 Gadibus
558 3393 745 3461 iungas
783 3397 836 3445 et
873 3396 1094 3461 uterque
1129 3394 1332 3447 Poenus

432 3478 643 3535 Serviat
680 3481 788 3538 uni.
862 3498 1017 3534 carm.
1058 3486 1104 3535 2.
1145 3485 1190 3535 2.
1229 3486 1274 3535 9.
