2332 3776
596 1069 759 1182 fler
836 1069 1048 1210 ch
1120 939 1282 1182 iicr
1360 1069 1790 1184 Weisheit

838 1323 893 1390 1.
940 1322 1075 1390 Die
1118 1321 1547 1390 Vcrstufen.

743 1466 782 1496 a.
827 1455 970 1498 Die
1001 1457 1257 1499 ernste
1289 1454 1652 1498 Einkehr.

936 1547 1044 1590 Sunt
1077 1549 1202 1588 verba
1239 1557 1276 1588 et
1311 1561 1444 1598 voces,
1479 1549 1625 1599 quibus
1655 1548 1761 1587 hunc
1791 1549 1918 1589 lenzre
1953 1550 2132 1591 dolorem

943 1623 1089 1662 Possis
1119 1631 1157 1662 et
1185 1637 1371 1675 maynam
1404 1624 1530 1661 morbz
1561 1622 1764 1674 deponere
1794 1633 1972 1675 partem.

1662 1707 1758 1750 epp.
1796 1698 1833 1740 1.
1870 1698 1907 1741 1.
1947 1697 2015 1741 34.
2080 1743 2084 1746 ,

1156 1753 1224 1797 84.

175 1835 177 1837 ’
249 1823 328 1879 Ne
364 1843 564 1879 cures
602 1845 677 1891 ea,
715 1844 851 1895 quae
886 1826 1045 1879 stulte
1083 1826 1293 1878 miraris
1332 1830 1385 1878 et
1421 1830 1584 1893 optaS,

246 1911 460 1967 Discere
499 1918 553 1968 et
588 1913 772 1967 audire
812 1918 866 1967 et
900 1914 1106 1967 meliori
1140 1913 1354 1967 credere
1394 1931 1499 1966 non
1538 1916 1652 1966 vis?
1725 1932 1844 1982 epp.
1890 1922 1931 1971 1.
1971 1922 2011 1971 1.
2051 1923 2133 1972 47.

1156 1996 1224 2040 85.

1219 2069 1290 2122 Te
1327 2070 1345 2121 i
1385 2087 1499 2122 sum

252 2157 500 2225 Concute,
531 2179 666 2214 num
701 2179 806 2230 qua
840 2163 939 2215 tibi
976 2162 1224 2215 vitiorum
1263 2086 1512 2214 insgverit
1544 2161 1671 2214 olim

255 2241 459 2298 Natura
495 2249 587 2298 aut
622 2246 790 2300 etiam
829 2245 1150 2300 consuetudo
1187 2245 1354 2299 mala:
1394 2261 1622 2314 namque

254 2326 523 2402 Neglectis
559 2333 770 2386 urenda
808 2333 922 2386 filix
956 2334 1249 2387 innascitur
1286 2333 1443 2402 agris.
1514 2337 1610 2386 sat.
1654 2339 1695 2387 1.
1734 2338 1781 2388 3.
1822 2338 1903 2387 34.
1944 2365 1947 2367 -

1159 2422 1228 2466 86.

253 2490 545 2546 Stultorum
581 2493 826 2546 incurata
859 2493 1030 2560 pudor
1067 2493 1235 2546 malus
1273 2493 1453 2547 ulcera
1489 2493 1641 2547 celat.
1715 2510 1833 2561 epp.
1863 2499 1909 2549 1.
1941 2497 2019 2548 16.
2058 2498 2140 2547 24.

1163 2578 1230 2623 87.

258 2651 387 2705 Cum
421 2657 518 2706 tua
554 2652 828 2721 pervideas
866 2653 1029 2705 oculis
1064 2652 1211 2706 mala
1245 2652 1420 2720 lippus
1454 2651 1708 2705 inunctis:

258 2736 363 2790 Cur
400 2737 458 2790 in
495 2738 783 2791 amicorum
818 2737 961 2790 vitiis
996 2741 1107 2791 tam
1142 2738 1313 2791 cernis
1352 2740 1578 2801 acutum,

253 2822 423 2886 Quam
459 2829 552 2876 aut
591 2822 772 2892 aquila
805 2827 898 2875 aut
933 2839 1148 2889 serpens
1180 2821 1535 2890 Epidaurius?
1609 2825 1706 2873 sat.
1749 2825 1792 2874 1.
1829 2823 1876 2875 3.
1915 2823 1998 2874 25.

1151 2909 1221 2954 88.

961 2985 1119 3038 Caret
1153 2984 1255 3038 tibi
1292 2987 1475 3052 pectus
1510 2982 1660 3036 inani

220 3090 222 3092 ·
268 3073 606 3127 Ambitione?
645 3079 791 3128 caret
831 3073 1017 3127 mortis
1054 3071 1333 3126 formidine
1373 3076 1426 3125 et
1461 3071 1576 3124 ira?
1605 3115 1616 3125 .
1641 3115 1653 3126 .
1683 3116 1692 3126 .
1722 3113 1731 3122 .

274 3158 487 3213 Natales
522 3165 678 3229 grate
717 3167 997 3214 numeras?
1032 3161 1262 3229 ignoscis
1298 3160 1519 3213 amicis?

279 3245 471 3300 Lenior
506 3250 560 3300 et
597 3245 784 3299 melior
818 3246 880 3299 fis
917 3247 1198 3301 accedente
1236 3251 1484 3301 senecta?
1534 3262 1650 3313 epp.
1693 3249 1736 3299 2.
1777 3247 1823 3298 2.
1862 3247 1996 3309 206;
2030 3248 2147 3299 210.

1174 3334 1243 3378 89.

287 3405 422 3470 Quid
461 3411 511 3458 te
552 3410 797 3472 exempta
826 3405 970 3459 iuvat
1004 3408 1169 3475 spinis
1201 3406 1266 3461 de
1302 3406 1544 3475 pluribus
1580 3411 1744 3457 una?

278 3494 466 3549 Vivere
504 3495 548 3548 si
583 3503 734 3549 recte
769 3494 950 3561 nesciS‚
985 3495 1180 3551 decede
1218 3495 1428 3563 peritis!
1469 3494 1539 3548 ib.
1581 3497 1698 3548 212.
