2332 3776
1018 187 1089 198 -..
1161 162 1226 214 48
1299 188 1369 196 -

1153 287 1250 330 310.

269 337 392 394 Vixi
429 341 618 409 puellis
657 358 825 410 nuper
865 342 1083 397 idoneus

267 427 337 480 Et
375 427 597 481 militavi
635 446 738 480 non
775 429 886 482 sine
924 429 1107 498 gloria,

407 513 557 567 Nunc
597 533 745 568 arma
781 514 1187 583 defunctumque
1227 516 1366 569 bello

548 600 802 654 Barbiton
840 601 926 653 hic
963 603 1137 669 paries
1173 602 1407 658 habebit.
1481 621 1638 659 carm.
1681 609 1726 659 3.
1762 608 1842 658 26.
1886 610 1930 659 1.

825 745 933 813 Age
972 745 1077 797 iam
1114 688 1259 797 ηῗέὲ1
1267 763 1349 798 um

545 834 690 886 Finis
728 851 978 887 amorum.
1051 852 1210 889 carm.
1249 842 1294 888 4.
1338 841 1416 888 11.
1457 840 1537 890 31.

1182 920 1205 960 1
1241 952 1249 960 .

270 976 354 1028 Me
392 992 487 1028 nec
523 973 718 1027 femina
758 991 854 1027 nec
888 991 1021 1041 puer
1152 919 1236 999 3·2

417 1063 529 1117 Iam
563 1081 661 1116 nec
699 1081 816 1130 spes
854 1063 1018 1116 animi
1056 1063 1268 1117 credula
1304 1065 1472 1117 mutui

275 1151 382 1204 Nec
418 1157 620 1203 certare
659 1152 804 1203 iuvat
833 1168 977 1204 mero

413 1238 521 1291 Nec
557 1239 755 1291 vincire
792 1239 939 1291 novis
976 1243 1216 1304 tempora
1250 1237 1481 1294 fioribus,

270 1326 371 1380 Sed
408 1344 516 1390 cur,
554 1326 670 1391 heu,
708 1326 970 1395 Ligurine,
1010 1343 1102 1377 cur

411 1416 594 1468 Manat
628 1433 750 1468 rara
786 1433 929 1468 meas
966 1414 1185 1467 lacrima
1221 1432 1316 1481 per
1353 1419 1552 1484 genas?

271 1506 375 1560 Cur
409 1505 633 1559 facunda
670 1523 856 1573 parum
895 1504 1083 1558 decoro

410 1593 555 1646 Inter
591 1594 751 1645 verba
791 1591 932 1646 cadit
971 1593 1154 1662 lingua
1188 1593 1438 1645 silentio?
1497 1608 1653 1645 carm.
1692 1596 1737 1644 4.
1782 1595 1824 1642 1.
1858 1593 1947 1648 29.

1165 1682 1262 1725 313.

272 1753 428 1807 Lenit
464 1754 734 1807 albescens
768 1753 973 1806 animos
1010 1752 1248 1820 capillus.
1322 1768 1480 1807 carm.
1523 1755 1568 1806 3.
1613 1756 1691 1805 14.
1727 1754 1808 1803 25.

1169 1835 1266 1881 314.

905 1895 1066 1963 Fugit
1102 1898 1244 1947 retro

276 1984 429 2038 Levis
463 1985 706 2037 iuventus
744 1988 797 2037 et
833 1983 990 2035 decor
1024 1982 1175 2036 arida

419 2070 652 2125 Pellente
691 2072 911 2124 lascivos
946 2088 1149 2124 amores

562 2158 766 2230 Canitie
805 2158 1117 2225 facilemque
1152 2171 1406 2209 somnum.
1479 2170 1638 2207 carm.
1677 2158 1724 2207 2.
1767 2158 1842 2206 11.
1882 2156 1928 2207 5.

282 2303 396 2355 Non
445 2303 700 2357 lusisse
751 2303 936 2371 pudet,
983 2302 1075 2356 sed
1113 2242 1609 2354 ΠέΙηᾶἰῃοίάθη
1661 2295 1908 2351 ludum.

1644 2398 1760 2449 epp.
1801 2386 1843 2434 1.
1886 2385 1964 2436 14.
2005 2386 2088 2437 36.

1169 2658 1326 2773 ὖῃῐέἰηο
1358 2732 1500 2785 pellite
1529 2733 1682 2771 curas!
1728 2740 1860 2771 carm.
1895 2730 1932 2771 1.
1964 2728 2002 2771 7.
2034 2731 2102 2773 31.

281 2811 377 2878 ββ)
594 2802 830 2872 Dissipat
867 2803 1067 2856 Euhius
1302 2793 1308 2798 ’

425 2894 586 2949 Cui-as
622 2892 825 2949 edaces,
898 2897 944 2947 2.
990 2897 1066 2944 11.
1113 2896 1190 2947 17.

1154 2979 1253 3023 317.

629 3041 632 3044 ⁴
660 3057 746 3110 Sic
779 3061 839 3110 tu
874 3056 1085 3125 sapiens
1121 3055 1274 3107 finire
1312 3054 1575 3105 memento

562 3144 856 3198 Tristitiam
888 3144 1131 3212 vitaeque
1161 3140 1367 3194 labores

425 3230 595 3295 Molli,
634 3230 848 3295 Plance,
883 3247 1043 3283 111010.
1117 3244 1275 3281 carm.
1316 3231 1358 3278 1.
1396 3230 1443 3280 7.
1489 3229 1566 3279 17.

1175 3314 1273 3360 318.

427 3386 663 3451 Nullam,
705 3385 867 3450 Vare,
894 3395 1056 3439 'sacra
1095 3384 1243 3451 prius
1277 3381 1471 3435 severis
1507 3381 1751 3436 arborem
1788 3428 1799 3439 .
1829 3426 1840 3436 .
1868 3426 1878 3436 .

430 3475 592 3530 Siccis
628 3473 807 3528 omnia
844 3490 967 3526 nam
1001 3471 1135 3525 dura
1174 3470 1302 3524 deus
1338 3470 1613 3537 proposuit
1652 3487 1824 3541 neque
