2288 3762
965 172 1283 229 ...3-

1108 300 1149 343 4.

176 374 295 428 Non
333 375 474 429 enim
510 391 668 442 gazae
706 391 875 442 neque
924 374 1212 426 consularis

181 459 480 513 Summovet
513 461 668 512 lictor
705 460 924 511 miseros
962 460 1221 513 tumultus

180 545 374 598 Mentis
411 551 464 599 et
499 564 650 600 curas
685 546 933 613 laqueata
969 546 1168 599 circum

321 632 481 685 Tecta
514 633 763 685 volantes,
838 649 995 686 carm.
1039 637 1082 686 2.
1127 637 1205 686 16.
1246 636 1288 684 9.

1102 731 1142 775 5.

182 808 420 871 Caelum,
459 826 564 861 non
600 809 834 861 animum
870 811 1078 860 mutant
1115 808 1206 875 qui
1240 811 1390 860 trans
1426 823 1570 859 mare
1611 810 1841 857 currunt.

1100 962 1127 1005 6
1170 949 1177 953 ,
1486 933 1489 935 Α
1547 895 1744 956 epp-1.
1785 895 1862 944 11.
1905 894 1985 944 27.

607 1034 791 1097 Vides,
824 1040 973 1102 'quae
1011 1035 1244 1086 maxima
1274 1033 1446 1086 credis

181 1125 309 1178 Esse
343 1124 502 1186 mala,
541 1122 786 1191 exiguum
825 1139 1036 1174 censum
1072 1126 1386 1189 turpemque
1421 1120 1700 1187 repulsam,

181 1209 387 1273 Quanto
423 1206 624 1259 devites
660 1205 825 1257 animi
861 1205 1153 1272 capitisque
1191 1205 1402 1269 labore3

182 1292 415 1359 Impiger
452 1296 713 1342 extremos
751 1289 918 1341 curris
956 1293 1216 1342 mercator
1253 1289 1320 1341 ad
1360 1287 1537 1350 Indos,

180 1377 280 1450 Per
302 1393 447 1429 mare
473 1374 780 1442 pauperiem
805 1374 1032 1442 fugiens,
1066 1391 1162 1440 per
1187 1391 1334 1436 saxa,
1368 1390 1463 1440 per
1486 1373 1656 1441 ignes!
1694 1389 1810 1439 epp.
1839 1377 1880 1424 1.
1908 1377 1950 1426 1.
1976 1376 2058 1426 42.

1104 1478 1143 1520 7.

184 1556 228 1609 Ο
265 1555 408 1617 diva,
448 1557 659 1624 gratum
697 1570 832 1621 quae
869 1552 1010 1620 regis
1045 1552 1278 1613 Antium,

185 1640 440 1696 Praesens
476 1640 560 1694 vel
596 1641 702 1693 imo
739 1640 926 1693 tollere
963 1638 1028 1693 de
1067 1640 1237 1708 gradu

323 1726 549 1780 Mortale
586 1743 774 1793 corpus
819 1726 902 1779 vel
938 1726 1191 1793 superbos

458 1813 680 1867 Vertere
715 1813 988 1866 funeribus
1026 1813 1338 1880 triumphos

183 1952 254 2006 Te
294 1968 496 2020 pauper
532 1953 700 2005 ambit
737 1952 963 2006 sollicita
998 1971 1156 2020 prece

182 2039 341 2093 Ruris
376 2040 611 2103 colonUS,
650 2045 703 2092 te
741 2040 1010 2093 dominam
1051 2040 1296 2109 aequoris

324 2127 632 2197 Quicunque
669 2128 902 2196 Bithyna
946 2128 1160 2182 lacessit

464 2215 808 2286 Carpathium
844 2215 1063 2285 pelagus
1101 2215 1296 2269 carina.

186 2357 258 2411 Te
296 2358 470 2412 Dacus
508 2377 674 2426 asper,
712 2363 766 2413 te
802 2359 1012 2428 profugi
1050 2358 1275 2427 Scythae

182 2441 461 2512 Urbesque
498 2451 784 2513 gentesque
826 2450 879 2499 et
916 2446 1127 2499 Latium
1164 2445 1313 2499 ferox

323 2531 630 2602 Regumque
668 2539 864 2587 matres
903 2534 1250 2587 barbarorum
1289 2538 1342 2588 et

464 2619 722 2687 Purpurei
759 2625 1002 2673 metuunt
1032 2622 1259 2689 tyranni.
1335 2639 1491 2674 carm.
1535 2627 1577 2676 1.
1617 2625 1698 2676 35.
1740 2627 1782 2676 1.

1108 2728 1147 2773 8.

181 2809 313 2864 Inde
350 2811 430 2876 fit,
467 2817 527 2865 ut
562 2830 706 2876 raro,
744 2813 836 2881 qui
871 2832 955 2878 „se
990 2814 1180 2867 vixisse
1218 2813 1462 2868 beatum''

184 2899 343 2952 Dicat
376 2906 428 2954 et
464 2906 648 2954 exacto
686 2906 964 2955 contentus
999 2906 1237 2970 tempore
1275 2903 1385 2955 vita

137 3052 139 3054 ,
185 2986 348 3041 Cedat
382 2988 462 3041 uti
497 2990 716 3042 conviva
749 2994 906 3053 satur,
943 2992 1182 3059 reperire
1219 3007 1484 3060 queamus,
1562 2994 1657 3043 sat.
1698 2996 1737 3045 1.
1782 2995 1823 3044 1.
1869 2995 1980 3045 117.

182 3162 247 3215 In
284 3164 438 3237 culpa
470 3169 551 3224 est
578 3165 804 3230 animm,
844 3167 935 3235 qui
965 3183 1020 3221 se
1050 3097 1157 3221 min
1182 3167 1366 3236 effugit
1390 3183 1638 3234 unquam.
1677 3183 1792 3233 epp.
1819 3172 1860 3219 1.
1888 3171 1963 3221 14.
1987 3171 2064 3220 13.

924 3378 1296 3385 μ,.,--ῌ---ῇ-..---.-
