2332 3776
1039 171 1390 223 ...44-

1181 297 1276 344 280.

379 371 483 427 Cur
517 373 572 426 in
592 373 896 427 amicorum
933 373 1074 426 vitiis
1110 377 1218 426 tam
1256 371 1425 426 cernis
1463 374 1672 426 acutum
1734 407 1739 411 -

382 456 548 520 Quam
585 462 677 511 aut
714 458 893 527 aquila
930 462 1020 511 aut
1053 476 1265 526 serpens
1303 457 1658 524 Epidaurius?
1731 456 1799 511 ib.
1840 461 1922 511 26.

1183 545 1279 590 281.

380 617 717 679 „Iracundior
755 623 834 672 est
867 620 1036 686 paule,
1074 620 1246 672 minus
1279 623 1434 686 aptus
1473 619 1642 672 acutis

381 702 608 756 Naribus
644 703 831 756 horum
869 705 1169 769 hominum3
1206 704 1367 756 rideri
1403 704 1570 770 possit
1607 721 1692 768 eo,
1731 701 1872 772 quod

381 790 645 843 Rusticius
681 794 805 859 toga
841 790 1029 843 defluit
1066 794 1120 842 et
1155 790 1291 843 male
1329 790 1479 842 laxus
1528 790 1532 795 ’

383 876 446 929 Ι11
483 877 615 944 pede
654 877 858 931 calceus
894 878 1103 929 haeret.
1153 880 1209 928 at
1242 880 1321 929 est
1360 876 1549 939 bonus,
1586 879 1646 927 ut
1677 874 1864 928 melior
1907 873 1986 926 vir

381 965 498 1018 Non
535 966 669 1018 alius
707 966 1006 1033 quisquam
1060 968 1116 1016 at
1150 964 1250 1016 tibi
1290 964 1516 1026 amiCUS,
1566 965 1623 1014 at
1657 962 1929 1031 ingenium
1966 960 2152 1030 ingens

382 1052 587 1105 Inculto
620 1052 752 1105 latet
784 1053 884 1104 hoc
917 1051 1012 1104 sub
1050 1049 1295 1117 corpore’
1313 1088 1540 1104 .......

381 1143 583 1196 Vellem
622 1143 676 1194 in
716 1142 952 1195 amicitia
988 1141 1062 1194 sic
1099 1158 1394 1193 erraremus
1434 1143 1486 1192 et
1521 1138 1611 1189 isti

382 1232 563 1284 Errori
598 1249 790 1284 nomen
825 1231 991 1283 virtus
1028 1229 1286 1296 posuisset
1323 1228 1603 1280 honestum
1627 1267 1835 1281 .......

1534 1311 1735 1379 Opinor

380 1402 523 1456 Haec
559 1420 645 1455 res
680 1405 732 1456 et
765 1401 937 1470 iungit
975 1401 1181 1453 iunctos
1218 1404 1270 1454 et
1310 1403 1484 1453 servat
1517 1399 1728 1454 amicos

1178 1531 1182 1534 ι
1419 1493 1514 1542 sat.
1558 1494 1600 1542 1.
1637 1492 1683 1543 3.
1723 1492 1819 1554 293
1870 1494 1964 1554 413
2001 1493 2083 1543 53.

1163 1575 1260 1620 282.

1330 1650 1570 1718 Aequum
1607 1652 1688 1703 est

383 1740 618 1795 Peccatis
655 1740 860 1793 veniam
900 1716 1203 1806 poscentem
1241 1737 1464 1792 reddere
1502 1754 1696 1790 rursus
1752 1736 1822 1791 ib.
1862 1743 1943 1791 74.

1162 1827 1258 1872 283.

1324 1895 1459 1949 Mihi
1496 1895 1676 1950 dulces

379 1981 685 2050 Ignoscent,
726 1980 768 2032 si
807 1979 937 2049 quid
974 1997 1197 2048 peccaro
1235 1979 1452 2043 stultus,
1490 1979 1650 2033 amici

380 2064 547 2133 Inque
582 2065 749 2118 vicem
787 2064 1002 2117 illorum
1038 2064 1217 2132 patiar
1253 2063 1451 2118 delicta
1486 2064 1729 2121 libenter.
1785 2065 1854 2119 ib.
1904 2069 2015 2120 139.

1154 2150 1252 2194 284.

1323 2223 1393 2276 At
1426 2241 1518 2277 vos
1558 2211 1567 2218 ”

378 2312 482 2366 Seu
517 2311 718 2366 calidus
755 2312 969 2382 sanguis
1006 2329 1097 2365 seu
1134 2330 1312 2366 rerum
1346 2312 1561 2366 inscitia
1594 2316 1751 2366 vexat

378 2400 643 2454 Indomita
676 2401 876 2454 cervice
911 2401 1073 2459 feros,
1111 2401 1413 2470 ubicunque
1449 2401 1686 2455 locorum

379 2486 596 2549 VivitiS,
633 2486 839 2556 indigni
874 2486 1261 2540 fraternum
1297 2505 1619 2556 rumpere
1655 2487 1931 2551 foedUS‚

380 2572 618 2625 Pascitur
656 2572 712 2624 in
746 2576 977 2625 vestrum
1013 2572 1243 2625 reditum
1275 2573 1451 2627 votiva
1486 2574 1720 2630 iuvenca.
1772 2591 1889 2642 epp.
1925 2580 1967 2630 1.
2001 2579 2048 2630 3.
2077 2579 2157 2629 32.

1170 2676 1268 2719 285.

274 2749 359 2820 77)
380 2748 478 2801 Odi
516 2748 798 2816 profanum
838 2747 1022 2818 vulgus
1059 2753 1113 2803 et
1149 2766 1320 2803 arceo,
1386 2766 1544 2803 carm.
1587 2753 1633 2804 3.
1679 2754 1719 2804 1.
1764 2754 1806 2802 1.

1163 2833 1261 2877 286.

277 2894 293 2909 ⁰
379 2906 667 2959 Paucorum
709 2905 982 2958 hominum
1021 2909 1075 2958 et
1112 2905 1305 2958 mentis
1344 2905 1478 2959 bene
1517 2923 1691 2961 sanae.
1763 2910 1860 2960 sat.
1906 2911 1948 2961 1.
1987 2910 2034 2960 9.
2075 2912 2156 2961 44.

1170 2992 1266 3037 287.

1327 3065 1498 3118 Mihi
1550 3066 1770 3119 vivam

382 3149 530 3213 Quod
568 3152 808 3216 superest
846 3148 989 3201 aevi!
1043 3165 1160 3215 epp.
1205 3154 1248 3203 1.
1294 3153 1369 3203 18.
1417 3155 1532 3205 107.

1172 3232 1268 3276 288.

980 3302 1064 3354 Μο
1101 3302 1366 3354 Romaene
1404 3307 1651 3369 poemata
1683 3321 1862 3357 censes

382 3389 623 3442 Scribere
659 3404 809 3455 posse
847 3387 987 3441 inter
1024 3391 1103 3440 tot
1140 3407 1291 3442 curas
1328 3394 1510 3457 totque
1554 3389 1800 3444 labores?

382 3477 705 3550 Scriptorum
744 3476 934 3530 chorus
971 3476 1141 3534 omnis
1178 3483 1328 3533 amat
1360 3496 1543 3536 nemus
1579 3482 1632 3532 et
1667 3478 1804 3557 fugit
1840 3479 2011 3546 urbeS,
2070 3475 2072 3477 ’
