2332 3776
970 159 1325 209 ...54-

208 280 289 344 „Si
327 282 613 349 pranderet
645 279 757 332 olus
794 279 1070 347 patienter,
1107 279 1319 346 regibus
1357 280 1436 332 uti

207 369 384 421 Nollet
418 365 760 433 AristippuS.”
832 365 916 428 „Si
953 366 1168 418 sciret
1202 366 1418 435 regibus
1452 367 1545 429 uti,

210 451 496 505 Fastidiret
531 450 644 504 olus
677 450 768 519 qui
803 467 886 503 me
923 448 1114 502 notat.”
1189 466 1306 517 epp.
1351 456 1392 504 1.
1434 455 1511 504 17.
1555 456 1633 505 11.

1127 535 1196 579 57.

736 610 813 662 Tu
849 609 975 663 cede
1010 538 1240 677 potPentis
1272 610 1427 664 amici

212 697 443 751 Lenibus
479 697 729 765 imperiis,
801 712 919 763 epp.
962 701 1005 749 1.
1051 700 1127 751 18.
1168 700 1253 750 43.

613 840 792 909 Equus
829 844 889 893 ut
923 858 1006 893 me
1041 781 1240 907 Ροῗὸϊὲὶ,
1278 839 1387 893 alat
1417 858 1524 905 rex,

216 928 457 982 Officium
496 928 646 983 facio,
719 945 836 996 epp.
879 934 919 984 1.
961 932 1041 983 17.
1084 931 1183 997 19.-

1111 1036 1118 1040 .
1136 1014 1156 1039 Γ

217 1070 548 1139 Principibus
584 1071 842 1139 placuisse
877 1070 1006 1124 viris
1041 1016 1371 1126 noffefflfima
1400 1073 1515 1126 laus
1552 1078 1644 1128 est.
1683 1092 1801 1142 epp.
1837 1083 1873 1129 Ι.
1907 1081 1985 1129 17.
2004 1080 2088 1131 35.

218 1216 293 1269 Ut
328 1219 570 1269 matrona
602 1215 869 1269 meretrici
906 1215 1088 1283 dispar
1114 1159 1230 1269 {2213
1268 1219 1428 1284 atque

219 1300 473 1365 Discolor,
504 1300 666 1354 infido
704 1319 986 1355 scurrae
1022 1301 1247 1356 distabit
1283 1303 1552 1358 amicus,

218 1388 316 1440 Est
350 1388 472 1440 huic
508 1387 774 1442 diversum
809 1389 938 1442 vitio
975 1389 1165 1442 vitium
1196 1408 1362 1458 prope
1399 1392 1597 1445 maius:

221 1474 492 1541 Asperitas
527 1476 751 1543 agrestis
787 1480 841 1528 et
875 1476 1191 1530 inconcinna
1223 1477 1517 1546 gravisque,

222 1561 366 1624 Quae
402 1578 458 1613 se
494 1562 826 1616 commendat
860 1566 1013 1616 tonsa
1045 1568 1191 1629 cute,-
1226 1565 1476 1619 dentibus
1514 1565 1657 1629 atris

223 1651 363 1702 Dum
399 1650 511 1702 vult
545 1650 764 1704 libertas
801 1652 906 1705 dici
942 1671 1088 1708 mera
1123 1673 1350 1725 veraque
1386 1657 1569 1711 virtus,
1641 1672 1758 1724 epp,
1801 1662 1846 1711 1.
1884 1660 1961 1711 18.
2002 1658 2048 1709 3.

223 1801 387 1853 Dem'e
428 1778 705 1867 supercilio
743 1802 965 1868 nubem3
990 1747 1316 1871 'pleriquique
1353 1802 1622 1856 modestus

225 1882 460 1950 Occupat
497 1883 704 1936 obscuri
742 1884 983 1950 speciem,
1017 1886 1311 1939 taciturnus
1348 1884 1540 1939 acerbi.
1611 1884 1683 1939 ib.
1722 1888 1805 1941 94.

225 2039 362 2103 Quid
401 2039 467 2092 de
504 2055 710 2107 quoque
745 2038 858 2091 viro
896 2042 950 2090 et
986 2038 1071 2091 cui
1107 1970 1278 2104 ᾶῗὲζε,
1316 2057 1473 2107 saepe
1509 2038 1701 2093 videto,

226 2131 654 2183 Percontatorem
687 2127 879 2198 fugit03
916 2146 1039 2181 nam
1077 2130 1322 2198 garrulus
1355 2128 1498 2186 idem
1535 2132 1615 2182 est

227 2217 338 2270 Nec
373 2216 607 2270 retinent
644 2215 856 2282 patulae
894 2216 1171 2270 commissa
1205 2215 1436 2280 fideliter
1471 2232 1627 2268 aures

229 2301 299 2353 Et
334 2300 495 2354 semel
527 2299 776 2354 emissum
814 2299 956 2353 volat
992 2300 1336 2354 irrevocabile
1370 2299 1603 2356 verbum.
1678 2315 1796 2367 epp.
1841 2305 1884 2354 1.
1917 2303 1992 2353 18.
2021 2301 2105 2351 68.

230 2445 450 2509 Qualem
487 2444 819 2498 commendes
834 2486 845 2508 ,
885 2444 1045 2497 etiam
1080 2389 1238 2513 affige
1277 2444 1439 2498 etiam
1475 2444 1710 2513 adspice,
1745 2463 1813 2499 ne
1849 2462 1971 2499 mox

234 2529 505 2582 Incutiant
541 2528 718 2582 aliena
754 2528 854 2581 tibi
887 2532 1107 2596 peccata
1135 2529 1410 2596 pudorem.
1483 2529 1556 2585 ib.
1592 2534 1675 2585 76.

1125 2615 1223 2660 364.

231 2692 433 2744 Fenum
468 2688 633 2761 habet
667 2688 725 2740 in
764 2705 950 2753 cornu,
983 2689 1138 2758 longe
1170 2689 1319 2760 fuge3
1358 2688 1640 2742 dummodo
1674 2689 1841 2741 risum

233 2777 481 2831 Excutiat
513 2776 638 2840 sibi,
685 2793 790 2829 non
827 2776 916 2829 hic
957 2778 1203 2846 cuiquam
1238 2782 1424 2845 parcet
1456 2777 1640 2831 amico.
1713 2779 1810 2831 sat.
1851 2781 1895 2830 1.
1934 2781 1981 2830 4.
2024 2780 2105 2830 34.

1003 2863 1279 2991 Ιῃςθῗῗῇω
1312 2938 1397 2974 res

237 3011 499 3064 Adversae
536 3007 737 3062 nudare
774 3009 965 3072 solent,
1005 3010 1175 3063 celare
1215 3008 1489 3064 secundae.
1545 3013 1641 3064 sat.
1677 3014 1724 3063 2.
1763 3011 1810 3064 8.
1849 3012 1931 3064 73.

698 3218 701 3221 Α
1005 3153 1094 3207 Nil
1122 3098 1242 3207 {ige
1278 3172 1467 3224 magno

236 3242 365 3295 Vita
398 3241 579 3295 labore
617 3239 767 3294 dedit
802 3240 1128 3295 mortalibus
1200 3244 1296 3295 sat.
1340 3247 1382 3296 1.
1421 3246 1471 3298 9.
1510 3245 1591 3297 59.

990 3382 1091 3446 Qui
1128 3325 1235 3435 311071
1264 3383 1395 3446 fidit,

240 3473 358 3530 Dux
395 3472 532 3547 regit
567 3488 798 3529 examen.
875 3487 994 3541 epp.
1035 3476 1079 3529 1.
1124 3475 1201 3528 19.
1237 3475 1322 3531 22.
