2332 3776
1025 142 1377 194 -26-

1160 269 1256 313 136.

366 339 461 404 Tu,
498 359 861 409 quamcunque
898 340 1026 394 deus
1062 318 1162 394 tibi
1198 338 1544 393 fortunaverit
1582 338 1780 401 horam,

367 427 533 482 Grata
568 446 711 482 sume
745 446 917 483 manu,
991 446 1106 495 epp.
1150 435 1191 480 1.
1240 434 1312 481 11.
1353 432 1439 482 22.

1155 517 1251 560 137.

646 592 787 645 Deus
823 592 954 645 haec
989 591 1210 646 fortasse
1247 592 1474 661 benigna

363 678 597 736 Reducet
630 682 687 735 in
721 682 895 736 sedem
934 681 1072 734 vice!
1149 681 1295 747 epod.
1341 688 1418 741 13.
1458 687 1505 737 7.

299 969 401 1036 ΙΙ.
470 969 732 1038 Reines
775 970 968 1038 Herz
1011 971 1161 1039 und
1204 971 1728 1041 unstraflicher
1768 968 2092 1075 wandel.

1507 1089 1594 1130 Haec
1623 1104 1759 1128 murus
1795 1091 1946 1127 acuens
1977 1095 2060 1126 esto
2072 1101 2085 1124 .-

1080 1160 1162 1202 Nil
1189 1163 1370 1203 conscire
1400 1163 1503 1213 sibi,
1536 1162 1649 1202 nulla
1679 1161 1910 1214 pallescere
1946 1159 2084 1211 culpa.

1683 1242 1780 1284 epp.
1814 1228 1852 1270 1.
1888 1227 1927 1270 1.
1960 1226 2028 1269 60.

1173 1286 1269 1330 138.

266 1357 323 1424 α)
373 1357 586 1426 Integer
622 1358 761 1412 vitae
797 1359 1112 1428 scelerisque
1150 1377 1313 1427 purus

371 1443 488 1498 Non
525 1449 644 1515 eget
678 1446 880 1499 Mauris
917 1447 1102 1500 iaculis
1140 1465 1311 1515 neque
1345 1464 1470 1500 arcu

375 1530 484 1585 Nec
519 1533 788 1585 venenatis
823 1533 1042 1602 gravida
1078 1533 1297 1603 sagittis,

514 1617 703 1681 Fusce‚
741 1619 1005 1686 pharetra.
1080 1638 1236 1675 carm.
1280 1626 1320 1672 1.
1352 1624 1433 1674 21.
1481 1625 1523 1672 1.

1150 1724 1246 1766 139.

373 1791 608 1847 Oderunt
642 1813 859 1863 peccare
897 1799 1022 1852 boni
1059 1800 1269 1852 virtutis
1307 1817 1514 1853 amore:

374 1878 449 1931 Tu
487 1880 623 1934 nihil
659 1882 905 1938 admittes
937 1886 993 1938 in
1025 1890 1077 1940 te
1117 1886 1399 1940 formidine
1437 1904 1651 1954 poenae.
1727 1903 1844 1953 epp.
1878 1891 1919 1939 1.
1959 1890 2035 1941 16.
2067 1891 2148 1940 53.

1160 1986 1257 2030 140.

368 2047 640 2105 Sincerum
673 2058 753 2107 est
790 2055 891 2108 nisi
928 2074 1032 2120 vas,
1068 2057 1415 2126 quodcunque
1452 2054 1700 2121 infundis,
1737 2056 1944 2111 acescit.

1665 2155 1782 2206 epp.
1824 2144 1865 2193 1.
1905 2141 1951 2191 2.
1994 2142 2076 2192 54.

1167 2211 1263 2255 141.

933 2277 1115 2347 Neque
1151 2281 1370 2334 amissos
1406 2280 1604 2334 colores

655 2361 802 2415 Lana
838 2363 1002 2417 refert
1034 2365 1297 2419 medicata
1333 2366 1465 2431 fuce,

377 2445 485 2500 Nec
523 2465 647 2501 vera
683 2449 860 2514 virtus
897 2470 1015 2505 cum
1051 2455 1211 2508 semel
1245 2454 1452 2519 excidit,

380 2532 541 2587 Curat
574 2537 759 2602 reponi
797 2537 1162 2596 deterioribus,
1237 2560 1393 2595 carm.
1433 2546 1479 2596 3.
1520 2548 1566 2597 5.
1602 2546 1685 2596 27.

1199 2644 1240 2686 4⁶
1260 2680 1268 2688 .

274 2713 341 2778 β)
382 2711 581 2779 Sperne
619 2714 941 2781 voluptates:
982 2722 1137 2772 nocet
1172 2645 1350 2787 enipta
1382 2719 1615 2801 dolo-re
1650 2717 1903 2784 voluptas,

1676 2820 1794 2871 epp.
1836 2810 1874 2856 1.
1911 2806 1957 2855 2.
1999 2808 2080 2857 55.

1171 2877 1265 2922 143.

384 2942 520 3005 Quid
556 2944 700 3014 leges
737 2947 848 3001 sine
890 2949 1124 3004 moribus

527 3033 707 3090 Vanae
740 3037 1060 3103 Proficiunt?
1134 3057 1291 3092 carm.
1332 3043 1380 3094 3.
1419 3042 1504 3092 24.
1543 3041 1624 3091 33.

1173 3138 1268 3182 144.

385 3206 438 3259 Si
476 3208 614 3278 latus
651 3212 744 3260 aut
774 3228 927 3264 renes
960 3212 1142 3265 morbo
1179 3214 1505 3278 temptantur
1539 3213 1705 3273 acuto,

383 3291 585 3353 Quaere
617 3292 794 3363 fugam
825 3297 1008 3349 morbi.
1049 3297 1165 3350 Vis
1198 3300 1382 3350 recte
1415 3296 1684 3348 vivere?
1713 3292 1956 3356 ——Quis
1994 3295 2154 3344 non‘?
2214 3324 2217 3326 Δ

386 3375 439 3429 Si
477 3378 642 3432 virtus
679 3380 778 3434 hoc
813 3399 920 3434 una
956 3387 1132 3449 potest
1167 3382 1307 3446 dare,
1346 3381 1496 3434 fortis
1527 3379 1729 3435 omissis

384 3467 497 3522 Hoc
533 3488 630 3539 age
667 3471 884 3526 deliciis.
959 3486 1075 3538 epp.
1120 3475 1163 3529 1,
1203 3474 1250 3523 6.
1291 3474 1374 3531 28.
