2332 3776
0 147 19 219 ζ.»
984 176 1056 186 ——
1128 150 1195 202 57
1274 176 1357 196 ω-

1102 275 1202 321 387.

229 351 394 416 Quem
426 353 498 414 tu,
535 349 878 416 Melpomene,
915 349 1076 403 semel

0 451 18 514 'fl—
370 439 684 494 Nascentem
718 437 927 506 placido
962 439 1160 493 lumine
1198 439 1405 503 videriS,

6 523 10 545 ³
230 529 390 582 Illum
422 547 530 582 non
565 529 715 583 labor
746 522 1001 583 Isthmius

373 617 610 672 Clarabit
642 618 888 687 pugilem,
913 635 1033 670 -non
1071 634 1235 686 equus
1270 615 1500 684 impiger

138 720 158 747 -·
233 705 405 758 Curru
439 704 597 757 ducet
631 704 864 758 Achaico
907 749 918 759 .
959 748 969 758 .
1010 748 1021 759 .
1064 748 1074 758 .

371 789 475 845 Sed
512 808 647 859 quae
683 790 847 844 Tibur
879 807 1048 858 aquae
1086 788 1263 842 fertile
1301 788 1606 855 praefluunt

230 879 302 932 Et
332 879 532 946 spissae
569 896 843 932 nemorum
874 896 1054 932 comae
1284 865 1297 877 ⁶

375 964 607 1034 Fingent
638 963 823 1017 Aeolio
861 964 1094 1017 carmine
1135 963 1381 1018 nobilem.
1456 981 1612 1018 carm.
1653 968 1698 1016 4.
1740 965 1784 1016 3.
1832 965 1875 1013 1.

230 1127 275 1182 O
309 1127 591 1182 testudinis
626 1146 818 1182 aureae
1123 1070 1220 1117 388.

371 1215 594 1269 Dulcem
628 1233 763 1283 quae
806 1215 1115 1282 strepitum,
1152 1213 1319 1278 Pieri,
1357 1217 1634 1281 temperaS,

232 1304 277 1358 O
313 1305 474 1357 mutis
511 1321 719 1372 quoque
756 1303 989 1371 piscibus

375 1392 651 1445 Donatura
686 1391 856 1460 cycni,
889 1391 934 1444 si
971 1391 1157 1454 libeat,
1196 1407 1406 1443 sonum:

231 1479 420 1533 Totum
454 1479 689 1531 muneris
723 1478 824 1531 hoc
860 1478 944 1530 tui
983 1481 1063 1531 est
1103 1520 1261 1532 ......
1857 1549 1867 1557 ·

370 1561 520 1627 Quod
557 1562 700 1629 spiro
737 1567 791 1614 et
823 1561 1035 1628 placeO,
1066 1560 1110 1612 si
1146 1560 1356 1627 placeO,
1390 1563 1541 1612 tuum
1578 1560 1671 1611 est.
1728 1574 1885 1609 carm.
1905 1560 1948 1608 4.
1970 1558 2015 1608 3.
2040 1558 2112 1606 17.

1126 1751 1223 1797 389.

231 1826 463 1896 Dignum
500 1824 657 1878 laude
695 1825 864 1878 virum
901 1825 1053 1878 Musa
1090 1828 1233 1877 vetat
1269 1825 1404 1878 mori

234 1917 391 1971 Caelo
427 1917 581 1970 Musa
619 1916 755 1971 beat.
828 1934 986 1971 carm.
1028 1922 1073 1970 4.
1117 1921 1163 1971 8.
1204 1918 1285 1971 28.

1128 2015 1226 2059 390.

235 2089 432 2144 Vixere
466 2090 630 2144 fortes
667 2094 788 2143 ante
827 2091 1224 2160 Agamemnona

235 2177 414 2241 Multi,
451 2177 545 2230 sed
579 2195 759 2234 omnes
793 2178 1190 2231 illacrimabiles

377 2262 652 2332 Urgentur
687 2264 960 2333 ignotique
999 2265 1158 2334 longa

390 2341 392 2343 ’
514 2350 693 2415 Nocte,
733 2356 916 2405 carent
946 2353 1073 2420 quia
1107 2357 1226 2406 vate
1265 2370 1426 2405 sacro.

232 2438 455 2492 Paulum
493 2439 730 2506 sepultae
768 2439 932 2492 distat
964 2440 1189 2494 inertiae

236 2526 418 2582 Celata
455 2527 635 2583 virtuS.
710 2546 869 2582 carm.
908 2534 954 2583 4.
994 2533 1041 2582 9.
1078 2534 1162 2582 25.

495 2607 498 2610 ’
1129 2625 1226 2670 391.

774 2697 911 2762 Quid
947 2697 1086 2751 foret
1122 2698 1253 2750 Iliae

234 2786 594 2856 Mavortisque
630 2805 774 2855 puer,
812 2788 856 2840 si
892 2787 1230 2840 taciturnitas

233 2872 482 2926 Obstaret
515 2873 720 2927 meritis
756 2873 936 2926 invida
971 2873 1219 2926 Romuli?
1292 2890 1450 2925 carm.
1491 2876 1536 2923 4.
1579 2872 1627 2923 8.
1664 2873 1747 2922 22.

1121 2964 1220 3008 392.

234 3033 344 3088 Nec
378 3035 548 3104 magis
579 3036 815 3103 expressi
852 3036 1026 3088 vultus
1059 3054 1155 3103 per
1190 3039 1356 3089 aenea
1393 3035 1544 3103 signa

236 3121 405 3184 Quam
440 3137 536 3188 per
572 3122 706 3174 vatis
741 3139 870 3189 opus
909 3140 1183 3190 moresque
1221 3121 1489 3188 animique
1528 3118 1755 3170 virorum

240 3207 513 3260 Clarorum
551 3213 826 3274 apparent.
902 3225 1019 3275 epp.
1059 3211 1106 3262 2.
1152 3213 1195 3262 1.
1233 3209 1352 3262 248.

1131 3310 1228 3353 3923.

239 3385 356 3438 Non
388 3385 558 3437 omnis
590 3383 787 3435 moriar
825 3383 1094 3451 multaque
1133 3401 1255 3450 pars
1295 3384 1397 3436 mei

236 3473 446 3530 Vitabit
483 3472 787 3529 Libitinam.
861 3490 1021 3530 carm.
1062 3477 1106 3529 3.
1148 3477 1229 3530 30.
1268 3477 1313 3533 6.
