2332 3776
1071 140 1424 193 -18—-

1215 266 1284 313 80.

318 342 514 405 Virtus
551 339 704 404 fama,
740 338 910 403 decus
950 338 1128 393 divina
1162 339 1497 410 humanaque
1533 342 1767 409 pulchris

319 422 531 475 Divitiis
563 425 778 489 parent3
811 439 940 490 quas
977 423 1068 490 qui
1106 425 1469 489 construxerit,
1505 425 1595 479 ille

315 511 495 565 Clarus
532 512 655 576 erit,
692 510 865 575 fortiS,
894 512 1088 581 justuS‚
1129 514 1358 581 sapiem,
1401 516 1596 584 [etiam]
1634 534 1726 568 rex

315 598 384 651 Et
419 597 677 668 quidquid
714 597 868 654 volet.
943 602 1039 654 sat.
1077 604 1125 655 2.
1166 604 1212 655 3.
1252 606 1336 656 95.

1217 683 1285 728 81.

318 751 413 804 Est
446 752 652 806 animus
691 753 804 818 tibi,
843 758 966 807 sunt
1002 772 1173 810 mores
1209 760 1262 810 ct
1298 757 1481 827 lingua
1512 756 1757 827 fidesque,

315 836 417 891 Sed
454 837 852 909 quadringentis
889 858 991 905 seX,
1025 844 1227 908 septem
1263 842 1412 895 milia
1449 842 1663 896 desunt:

310 924 465 980 Plebs
497 925 615 982 eris,
688 943 805 995 epp.
850 934 891 983 1.
936 934 977 983 1.
1017 933 1098 982 57.
1178 938 1185 942 “

1210 1017 1278 1062 82.

310 1071 469 1144 Mille'
493 1090 697 1144 talenta
732 1091 1095 1157 rotundentur,
1133 1094 1356 1147 totidem
1392 1093 1573 1158 altera,
1611 1110 1770 1161 porro
1802 1098 1856 1147 et

307 1178 487 1231 Tertia
526 1180 811 1233 succedant
848 1185 900 1234 et
937 1199 1070 1250 quae
1105 1199 1229 1249 pars
1266 1181 1492 1251 quadret
1529 1199 1788 1238 acervum.

310 1264 522 1319 Scilicet
556 1284 775 1320 uxorem
813 1285 931 1319 cum
965 1267 1085 1320 dote
1123 1268 1386 1337 fidemque
1424 1274 1478 1322 et
1514 1269 1710 1322 amicos

312 1353 382 1406 Et
416 1371 580 1422 genus
617 1359 672 1408 et
706 1354 927 1408 formam
963 1355 1148 1425 regina
1182 1356 1413 1410 Pecunia
1443 1356 1621 1412 donat.
1696 1374 1810 1425 epp.
1852 1362 1892 1411 1.
1928 1361 1974 1412 6.
2017 1361 2097 1411 34.

1210 1444 1279 1489 83.

309 1517 459 1581 Quod
496 1518 542 1571 si
577 1535 660 1572 me
699 1518 925 1586 populus
965 1518 1232 1573 Romanus
1269 1519 1404 1573 forte
1436 1523 1599 1589 roget,
1637 1537 1730 1573 cur

307 1605 428 1659 Non
464 1610 525 1659 ut
561 1607 874 1675 porticibus
924 1608 999 1659 sic
1036 1607 1245 1661 iudiciis
1281 1608 1426 1662 fruar
1462 1607 1629 1662 isdem

305 1696 414 1750 Nec
453 1715 646 1765 sequar
683 1702 775 1750 aut
809 1697 1022 1766 fugiam,
1059 1715 1195 1765 quae
1230 1695 1407 1765 diligit
1441 1699 1553 1765 ipse
1591 1698 1671 1750 vel
1710 1696 1849 1752 odit:

307 1784 447 1837 Olim
486 1785 626 1854 quod
663 1785 844 1853 vulpes
881 1789 1098 1854 aegroto
1134 1788 1288 1838 cauta
1323 1783 1463 1836 leoni

307 1873 621 1940 Respondit,
654 1873 906 1926 referam:
947 1873 1110 1941 quia
1145 1890 1238 1925 me
1275 1869 1583 1939 vestigia
1619 1871 1888 1921 terrent

304 1961 545 2015 Omnia
580 1966 644 2015 te
680 1961 1041 2015 adversum
1074 1959 1502 2027 spectantia,
1550 1955 1743 2009 nulla
1774 1959 2178 2008 retrorsum!

610 2042 613 2045 ’
1696 2058 1810 2110 epp.
1859 2047 1901 2097 1.
1945 2048 1987 2098 1.
2027 2048 2108 2098 70.
