2332 3776
963 120 1313 169 *13*

1097 242 1166 288 43.

300 313 568 370 Damnosa
602 315 731 384 quid
763 332 869 368 non
904 315 1173 367 imminuit
1207 314 1358 369 dies?

299 403 458 458 Aetas
490 410 783 471 parentum,
820 403 970 469 peior
1002 403 1126 467 avis,
1162 402 1286 455 tulit

440 491 548 543 Nos
583 490 865 558 nequiores
903 507 1026 542 mox
1062 489 1278 542 daturos

587 576 900 645 Progeniem
937 577 1286 629 vitiosiorem!
1328 593 1486 649 carm.
1528 580 1574 630 3.
1613 580 1660 630 6.
1700 581 1782 630 45.

1094 659 1164 703 44.

573 734 710 798 Quid
746 751 841 787 nos
873 733 1007 787 dura
1043 734 1330 804 refugimus

443 823 641 875 Aetas?
681 822 811 891 quid
842 823 1103 875 intactum
1141 822 1333 876 nefasti

723 911 1036 980 Liquimus‘?
1074 914 1214 964 unde
1253 929 1469 964 manum
1502 912 1746 964 iuventus

292 999 440 1054 Metu
477 1000 699 1053 deorum
736 1000 1037 1052 continuit?
1076 1017 1233 1055 carm.
1283 1005 1326 1055 1.
1363 1003 1443 1054 35.
1487 1004 1568 1055 34.

282 1077 297 1091 '
1107 1095 1176 1140 45.

299 1170 487 1224 Audax
519 1171 698 1224 omnia
732 1171 942 1238 perpeti

445 1259 587 1314 Gens
623 1259 856 1312 humana
891 1259 999 1312 ruit
1034 1276 1130 1326 per
1163 1259 1385 1312 vetitum
1423 1258 1583 1311 nefas.
1621 1275 1779 1314 earm.
1823 1264 1866 1314 1.
1902 1262 1948 1313 3.
1987 1262 2070 1312 25.

1094 1345 1164 1389 46.

294 1421 375 1474 Sit
412 1437 532 1488 spes
565 1419 797 1483 fallendi,
837 1419 1082 1473 miscebis
1118 1437 1267 1472 sacra
1302 1418 1549 1486 profanis.
1590 1435 1707 1486 epp.
1752 1425 1794 1474 1.
1838 1423 1916 1473 16.
1955 1424 2037 1473 54.

1093 1504 1164 1547 47.
1571 1497 1584 1507 ⁶

1108 1578 1252 1632 Tolle
1290 1579 1560 1646 periclum,

297 1664 410 1717 Iam
446 1681 578 1734 vaga
615 1663 854 1730 prosiliet
894 1663 1057 1716 frenis
1095 1668 1287 1716 natura
1325 1663 1555 1717 remotis,
1596 1669 1691 1717 sat.
1733 1668 1779 1717 2.
1816 1668 1859 1716 7.
1903 1669 1985 1717 74.

1094 1751 1164 1794 48.

293 1826 578 1891 Seditione‚
615 1796 767 1890 dolis.
803 1825 999 1878 scelere
1037 1830 1196 1894 atque
1235 1825 1456 1878 libidine
1494 1831 1549 1878 et
1584 1826 1666 1878 ira

292 1915 482 1968 lli-aeos
517 1915 660 1968 intra
691 1931 870 1966 muros
909 1918 1158 1981 peccatur
1195 1918 1248 1966 et
1282 1919 1447 1968 extra.
1486 1930 1607 1981 epp.
1647 1919 1689 1967 1.
1730 1918 1774 1966 2.
1820 1919 1896 1969 15.

969 1995 972 1998 ’
1095 1996 1164 2040 49.

82 2077 85 2080 ’
186 2073 245 2145 ρ’)
437 2072 540 2126 Fas
576 2079 735 2141 atque
775 2070 924 2124 nefas
962 2071 1148 2140 exiguo
1186 2069 1290 2124 fine
1327 2069 1609 2124 libidinum

298 2161 623 2215 Discernunt
659 2159 814 2213 avidi.
853 2176 1013 2214 carm.
1058 2163 1100 2213 1.
1146 2162 1224 2212 18.
1266 2162 1345 2213 10.

1090 2263 1159 2307 50.

1059 2337 1220 2400 „Rem
1256 2337 1431 2401 facias,
1468 2356 1593 2402 rem,

293 2426 350 2480 Si
386 2424 567 2494 possiS,
592 2429 749 2485 recte,
777 2423 822 2475 si
846 2439 964 2486 non,
989 2439 1299 2490 quocunque
1322 2422 1478 2474 modo
1511 2422 1680 2474 1·em!’'
1717 2440 1834 2491 epp.
1854 2430 1894 2479 1.
1920 2432 1963 2479 1.
1982 2431 2063 2480 65.

1100 2525 1168 2568 51.

292 2603 493 2669 „Vilius
530 2605 810 2671 argentum
849 2606 929 2654 est
964 2618 1108 2664 aum,
1142 2601 1427 2654 virtutibus
1464 2619 1677 2654 aurum:

296 2691 342 2746 O
379 2692 532 2756 cives,
571 2692 723 2756 cives7
760 2690 1064 2759 quaerenda
1100 2693 1326 2758 pecunia
1363 2693 1594 2759 primum
1631 2697 1734 2746 est!

298 2777 485 2832 Virtus
519 2782 639 2846 post
670 2777 956 2830 nummOS.''
996 2794 1112 2845 epp.
1158 2783 1199 2831 1.
1243 2783 1287 2832 1.
1323 2783 1405 2834 52.

1087 2862 1156 2907 52.

292 2940 493 2992 Aurum
531 2956 628 3007 per
664 2938 863 2992 medios
900 2940 976 2992 ire
1016 2939 1272 2993 satellites

290 3022 362 3076 Et
397 3038 739 3090 perrumpere
774 3027 918 3075 amat
952 3041 1091 3087 saxa,
1126 3026 1395 3091 potentius

218 3096 221 3098 .
430 3109 549 3161 Ictu
581 3109 846 3163 fulmineo,
887 3127 1043 3164 carm.
1083 3114 1129 3164 3.
1174 3115 1249 3165 16.
1289 3115 1336 3164 9.

1076 3193 1144 3237 53.

289 3264 595 3337 „Magnum”
634 3267 910 3334 pauperies
948 3268 1347 3336 „opprobrium”
1381 3269 1527 3325 iubet

431 3354 648 3421 Quidvis
685 3360 738 3408 et
773 3355 946 3411 facere
983 3363 1038 3411 et
1073 3359 1186 3427 pati

300 3445 638 3517 virtutisque
669 3447 807 3501 viam
843 3450 1039 3508 deserit
1075 3453 1285 3508 arduae.
1325 3467 1484 3504 carm.
1525 3453 1575 3504 3.
1612 3452 1694 3504 24.
1732 3454 1815 3506 42.
