<?xml version="1.0" encoding="UTF-8"?>
<!DOCTYPE html PUBLIC "-//W3C//DTD XHTML 1.0 Transitional//EN"
    "http://www.w3.org/TR/xhtml1/DTD/xhtml1-transitional.dtd">
<html xmlns="http://www.w3.org/1999/xhtml" xml:lang="en" lang="en">
 <head>
  <title>
</title>
<meta http-equiv="Content-Type" content="text/html;charset=utf-8" />
  <meta name='ocr-system' content='tesseract 3.04.00' />
  <meta name='ocr-capabilities' content='ocr_page ocr_carea ocr_par ocr_line ocrx_word'/>
</head>
<body>
  <div class='ocr_page' id='page_1' title='image "./dielebensweishei00horauoft_0066.png"; bbox 0 0 2332 3776; ppageno 0'>
   <div class='ocr_carea' id='block_1_1' title="bbox 1002 168 1354 242">
    <p class='ocr_par' dir='ltr' id='par_1_1' title="bbox 1002 168 1354 242">
     <span class='ocr_line' id='line_1_1' title="bbox 1002 168 1354 242; baseline 0.003 -39"><span class='ocrx_word' id='word_1_1' title='bbox 1002 168 1211 242; x_wconf 37' lang='lat'><strong>-·62</strong></span> <span class='ocrx_word' id='word_1_2' title='bbox 1283 183 1354 204; x_wconf 64' lang='lat'>—‘..</span> 
     </span>
    </p>
   </div>
   <div class='ocr_carea' id='block_1_2' title="bbox 235 292 1586 426">
    <p class='ocr_par' dir='ltr' id='par_1_2' title="bbox 235 292 1586 426">
     <span class='ocr_line' id='line_1_2' title="bbox 1127 292 1224 339; baseline 0.021 -3"><span class='ocrx_word' id='word_1_3' title='bbox 1127 292 1224 339; x_wconf 82' lang='lat'><strong>427.</strong></span> 
     </span>
     <span class='ocr_line' id='line_1_3' title="bbox 235 352 1586 426; baseline 0.005 -7"><span class='ocrx_word' id='word_1_4' title='bbox 235 364 457 420; x_wconf 83' lang='lat' dir='ltr'>Deferar</span> <span class='ocrx_word' id='word_1_5' title='bbox 488 359 544 419; x_wconf 75' lang='grc'>111</span> <span class='ocrx_word' id='word_1_6' title='bbox 577 352 746 420; x_wconf 54' lang='lat' dir='ltr'>vicum</span> <span class='ocrx_word' id='word_1_7' title='bbox 786 363 1102 421; x_wconf 63' lang='lat' dir='ltr'>vendentem</span> <span class='ocrx_word' id='word_1_8' title='bbox 1138 368 1264 421; x_wconf 88' lang='lat' dir='ltr'>thus</span> <span class='ocrx_word' id='word_1_9' title='bbox 1303 374 1356 423; x_wconf 90' lang='lat' dir='ltr'>et</span> <span class='ocrx_word' id='word_1_10' title='bbox 1393 371 1586 426; x_wconf 87' lang='lat' dir='ltr'>odores</span> 
     </span>
    </p>
   </div>
   <div class='ocr_carea' id='block_1_3' title="bbox 238 452 2115 525">
    <p class='ocr_par' dir='ltr' id='par_1_3' title="bbox 238 452 2115 525">
     <span class='ocr_line' id='line_1_4' title="bbox 238 452 2115 525; baseline 0.004 -21"><span class='ocrx_word' id='word_1_11' title='bbox 238 452 308 504; x_wconf 91' lang='lat' dir='ltr'>Et</span> <span class='ocrx_word' id='word_1_12' title='bbox 344 453 497 519; x_wconf 83' lang='lat' dir='ltr'>piper</span> <span class='ocrx_word' id='word_1_13' title='bbox 533 457 586 505; x_wconf 88' lang='lat' dir='ltr'>et</span> <span class='ocrx_word' id='word_1_14' title='bbox 622 452 878 521; x_wconf 85' lang='lat' dir='ltr'>quidquid</span> <span class='ocrx_word' id='word_1_15' title='bbox 911 453 1108 507; x_wconf 85' lang='lat' dir='ltr'>chartis</span> <span class='ocrx_word' id='word_1_16' title='bbox 1143 454 1390 507; x_wconf 82' lang='lat' dir='ltr'>amicitur</span> <span class='ocrx_word' id='word_1_17' title='bbox 1414 457 1623 525; x_wconf 71' lang='lat' dir='ltr'>ineptis</span> <span class='ocrx_word' id='word_1_18' title='bbox 1697 471 1816 524; x_wconf 87' lang='lat' dir='ltr'>epp.</span> <span class='ocrx_word' id='word_1_19' title='bbox 1845 463 1892 512; x_wconf 87' lang='lat'>2.</span> <span class='ocrx_word' id='word_1_20' title='bbox 1927 464 1964 512; x_wconf 88' lang='lat'>1.</span> <span class='ocrx_word' id='word_1_21' title='bbox 1995 462 2115 513; x_wconf 79' lang='lat'><strong>268.</strong></span> 
     </span>
    </p>
   </div>
   <div class='ocr_carea' id='block_1_4' title="bbox 1007 579 1351 588">
    <p class='ocr_par' dir='ltr' id='par_1_4' title="bbox 1007 579 1351 588">
     <span class='ocr_line' id='line_1_5' title="bbox 1007 579 1351 588; baseline 0 3188"><span class='ocrx_word' id='word_1_22' title='bbox 1007 579 1351 588; x_wconf 95' lang='lat' dir='ltr'> </span> 
     </span>
    </p>
   </div>
   <div class='ocr_carea' id='block_1_5' title="bbox 597 667 1786 738">
    <p class='ocr_par' dir='ltr' id='par_1_5' title="bbox 597 667 1786 738">
     <span class='ocr_line' id='line_1_6' title="bbox 597 667 1786 738; baseline 0.008 -17"><span class='ocrx_word' id='word_1_23' title='bbox 597 667 648 723; x_wconf 81' lang='lat'>3.</span> <span class='ocrx_word' id='word_1_24' title='bbox 725 668 952 724; x_wconf 81' lang='lat' dir='ltr'>Goldne</span> <span class='ocrx_word' id='word_1_25' title='bbox 990 669 1219 738; x_wconf 84' lang='lat' dir='ltr'>Regeln</span> <span class='ocrx_word' id='word_1_26' title='bbox 1259 673 1365 727; x_wconf 85' lang='lat' dir='ltr'>der</span> <span class='ocrx_word' id='word_1_27' title='bbox 1403 672 1786 730; x_wconf 86' lang='lat' dir='ltr'>Dichtkunst.</span> 
     </span>
    </p>
   </div>
   <div class='ocr_carea' id='block_1_6' title="bbox 939 762 2149 963">
    <p class='ocr_par' dir='ltr' id='par_1_6' title="bbox 939 762 2149 963">
     <span class='ocr_line' id='line_1_7' title="bbox 1411 762 2149 815; baseline 0.005 -14"><span class='ocrx_word' id='word_1_28' title='bbox 1411 762 1583 814; x_wconf 70' lang='lat' dir='ltr'>Funym</span> <span class='ocrx_word' id='word_1_29' title='bbox 1614 764 1702 802; x_wconf 80' lang='lat' dir='ltr'>vice</span> <span class='ocrx_word' id='word_1_30' title='bbox 1734 764 1863 815; x_wconf 79' lang='lat' dir='ltr'>cotis,</span> <span class='ocrx_word' id='word_1_31' title='bbox 1898 773 2060 805; x_wconf 82' lang='lat' dir='ltr'>acutum</span> <span class='ocrx_word' id='word_1_32' title='bbox 2093 779 2097 782; x_wconf 90' lang='grc'><em>·</em></span> <span class='ocrx_word' id='word_1_33' title='bbox 2143 806 2149 809; x_wconf 75' lang='grc'><em>,</em></span> 
     </span>
     <span class='ocr_line' id='line_1_8' title="bbox 942 832 2117 891; baseline 0.006 -19"><span class='ocrx_word' id='word_1_34' title='bbox 942 832 1137 874; x_wconf 81' lang='lat' dir='ltr'><em>Reddere</em></span> <span class='ocrx_word' id='word_1_35' title='bbox 1170 850 1275 887; x_wconf 79' lang='lat' dir='ltr'>quae</span> <span class='ocrx_word' id='word_1_36' title='bbox 1298 836 1458 888; x_wconf 80' lang='lat' dir='ltr'>ferrum</span> <span class='ocrx_word' id='word_1_37' title='bbox 1488 838 1598 877; x_wconf 77' lang='lat' dir='ltr'>valet</span> <span class='ocrx_word' id='word_1_38' title='bbox 1630 852 1773 878; x_wconf 78' lang='lat' dir='ltr'>exsors</span> <span class='ocrx_word' id='word_1_39' title='bbox 1805 839 1902 891; x_wconf 82' lang='lat' dir='ltr'>ipsa</span> <span class='ocrx_word' id='word_1_40' title='bbox 1931 840 2117 890; x_wconf 80' lang='lat' dir='ltr'>secandi,</span> 
     </span>
     <span class='ocr_line' id='line_1_9' title="bbox 939 904 2022 963; baseline 0.007 -18"><span class='ocrx_word' id='word_1_41' title='bbox 939 904 1100 946; x_wconf 66' lang='lat' dir='ltr'>Munus</span> <span class='ocrx_word' id='word_1_42' title='bbox 1135 916 1173 947; x_wconf 78' lang='lat' dir='ltr'>et</span> <span class='ocrx_word' id='word_1_43' title='bbox 1206 907 1396 959; x_wconf 77' lang='lat' dir='ltr'>officium</span> <span class='ocrx_word' id='word_1_44' title='bbox 1427 909 1487 948; x_wconf 78' lang='lat' dir='ltr'>nil</span> <span class='ocrx_word' id='word_1_45' title='bbox 1515 910 1695 950; x_wconf 77' lang='lat' dir='ltr'>scribens</span> <span class='ocrx_word' id='word_1_46' title='bbox 1731 911 1820 963; x_wconf 80' lang='lat' dir='ltr'>ipse</span> <span class='ocrx_word' id='word_1_47' title='bbox 1857 911 2022 953; x_wconf 80' lang='lat' dir='ltr'><em>docebo.</em></span> 
     </span>
    </p>
   </div>
   <div class='ocr_carea' id='block_1_7' title="bbox 241 979 2037 1620">
    <p class='ocr_par' dir='ltr' id='par_1_7' title="bbox 1129 979 1945 1092">
     <span class='ocr_line' id='line_1_10' title="bbox 1188 979 1945 1034; baseline 0 -12"><span class='ocrx_word' id='word_1_48' title='bbox 1188 1016 1194 1022; x_wconf 77' lang='grc'>,</span> <span class='ocrx_word' id='word_1_49' title='bbox 1698 990 1737 1022; x_wconf 83' lang='lat' dir='ltr'>a.</span> <span class='ocrx_word' id='word_1_50' title='bbox 1774 991 1816 1034; x_wconf 83' lang='lat' dir='ltr'>p.</span> <span class='ocrx_word' id='word_1_51' title='bbox 1848 979 1945 1024; x_wconf 87' lang='lat'>304.</span> 
     </span>
     <span class='ocr_line' id='line_1_11' title="bbox 1129 1046 1227 1092; baseline -0.01 -2"><span class='ocrx_word' id='word_1_52' title='bbox 1129 1046 1227 1092; x_wconf 79' lang='lat'>429.</span> 
     </span>
    </p>

    <p class='ocr_par' dir='ltr' id='par_1_8' title="bbox 242 1119 1822 1190">
     <span class='ocr_line' id='line_1_12' title="bbox 242 1119 1822 1190; baseline 0.003 -15"><span class='ocrx_word' id='word_1_53' title='bbox 242 1120 517 1176; x_wconf 77' lang='lat' dir='ltr'>Scribendi</span> <span class='ocrx_word' id='word_1_54' title='bbox 556 1124 772 1184; x_wconf 80' lang='lat' dir='ltr'>„recte</span> <span class='ocrx_word' id='word_1_55' title='bbox 807 1119 1084 1186; x_wconf 87' lang='lat' dir='ltr'>sapere”</span> <span class='ocrx_word' id='word_1_56' title='bbox 1124 1125 1203 1173; x_wconf 90' lang='lat' dir='ltr'>est</span> <span class='ocrx_word' id='word_1_57' title='bbox 1238 1121 1561 1190; x_wconf 89' lang='lat' dir='ltr'>principium</span> <span class='ocrx_word' id='word_1_58' title='bbox 1602 1129 1656 1176; x_wconf 88' lang='lat' dir='ltr'>et</span> <span class='ocrx_word' id='word_1_59' title='bbox 1691 1124 1822 1181; x_wconf 83' lang='lat' dir='ltr'>fons,</span> 
     </span>
    </p>

    <p class='ocr_par' dir='ltr' id='par_1_9' title="bbox 242 1205 1722 1273">
     <span class='ocr_line' id='line_1_13' title="bbox 242 1205 1722 1273; baseline 0.002 -11"><span class='ocrx_word' id='word_1_60' title='bbox 242 1210 402 1263; x_wconf 87' lang='lat' dir='ltr'>Rem</span> <span class='ocrx_word' id='word_1_61' title='bbox 437 1207 538 1262; x_wconf 89' lang='lat' dir='ltr'>tibi</span> <span class='ocrx_word' id='word_1_62' title='bbox 575 1205 871 1260; x_wconf 79' lang='lat' dir='ltr'>Socraticae</span> <span class='ocrx_word' id='word_1_63' title='bbox 906 1209 1156 1273; x_wconf 87' lang='lat' dir='ltr'>poterunt</span> <span class='ocrx_word' id='word_1_64' title='bbox 1193 1208 1469 1264; x_wconf 81' lang='lat' dir='ltr'>ostendere</span> <span class='ocrx_word' id='word_1_65' title='bbox 1507 1211 1722 1266; x_wconf 87' lang='lat' dir='ltr'>chartae</span> 
     </span>
    </p>

    <p class='ocr_par' dir='ltr' id='par_1_10' title="bbox 242 1291 1703 1365">
     <span class='ocr_line' id='line_1_14' title="bbox 242 1291 1703 1365; baseline 0.003 -18"><span class='ocrx_word' id='word_1_66' title='bbox 242 1293 577 1361; x_wconf 84' lang='lat' dir='ltr'>Verbaque</span> <span class='ocrx_word' id='word_1_67' title='bbox 615 1291 878 1359; x_wconf 87' lang='lat' dir='ltr'>provisam</span> <span class='ocrx_word' id='word_1_68' title='bbox 910 1309 1023 1345; x_wconf 89' lang='lat' dir='ltr'>rem</span> <span class='ocrx_word' id='word_1_69' title='bbox 1061 1309 1165 1345; x_wconf 88' lang='lat' dir='ltr'>non</span> <span class='ocrx_word' id='word_1_70' title='bbox 1198 1292 1365 1348; x_wconf 89' lang='lat' dir='ltr'>invita</span> <span class='ocrx_word' id='word_1_71' title='bbox 1402 1302 1703 1365; x_wconf 85' lang='lat' dir='ltr'>sequentur.</span> 
     </span>
    </p>

    <p class='ocr_par' dir='ltr' id='par_1_11' title="bbox 241 1374 1705 1447">
     <span class='ocr_line' id='line_1_15' title="bbox 241 1374 1705 1447; baseline 0.003 -17"><span class='ocrx_word' id='word_1_72' title='bbox 241 1378 343 1443; x_wconf 79' lang='lat' dir='ltr'>Qui</span> <span class='ocrx_word' id='word_1_73' title='bbox 380 1377 589 1439; x_wconf 85' lang='lat' dir='ltr'>didicit,</span> <span class='ocrx_word' id='word_1_74' title='bbox 625 1376 831 1442; x_wconf 86' lang='lat' dir='ltr'>patriae</span> <span class='ocrx_word' id='word_1_75' title='bbox 866 1374 995 1444; x_wconf 87' lang='lat' dir='ltr'>quid</span> <span class='ocrx_word' id='word_1_76' title='bbox 1030 1374 1221 1430; x_wconf 83' lang='lat' dir='ltr'>debeat</span> <span class='ocrx_word' id='word_1_77' title='bbox 1258 1382 1312 1430; x_wconf 92' lang='lat' dir='ltr'>et</span> <span class='ocrx_word' id='word_1_78' title='bbox 1348 1379 1476 1447; x_wconf 90' lang='lat' dir='ltr'>quid</span> <span class='ocrx_word' id='word_1_79' title='bbox 1509 1381 1705 1445; x_wconf 82' lang='lat' dir='ltr'>amiciS‚</span> 
     </span>
    </p>

    <p class='ocr_par' dir='ltr' id='par_1_12' title="bbox 242 1459 2037 1534">
     <span class='ocr_line' id='line_1_16' title="bbox 242 1459 2037 1534; baseline 0.001 -17"><span class='ocrx_word' id='word_1_80' title='bbox 242 1465 355 1528; x_wconf 79' lang='lat' dir='ltr'>Quo</span> <span class='ocrx_word' id='word_1_81' title='bbox 392 1464 461 1517; x_wconf 92' lang='lat' dir='ltr'>sit</span> <span class='ocrx_word' id='word_1_82' title='bbox 498 1479 674 1516; x_wconf 84' lang='lat' dir='ltr'>amore</span> <span class='ocrx_word' id='word_1_83' title='bbox 709 1478 925 1528; x_wconf 79' lang='lat' dir='ltr'>parenS,</span> <span class='ocrx_word' id='word_1_84' title='bbox 963 1477 1066 1529; x_wconf 89' lang='lat' dir='ltr'>quo</span> <span class='ocrx_word' id='word_1_85' title='bbox 1100 1459 1266 1515; x_wconf 83' lang='lat' dir='ltr'>frater</span> <span class='ocrx_word' id='word_1_86' title='bbox 1304 1463 1560 1518; x_wconf 89' lang='lat' dir='ltr'>amandus</span> <span class='ocrx_word' id='word_1_87' title='bbox 1596 1469 1651 1519; x_wconf 88' lang='lat' dir='ltr'>et</span> <span class='ocrx_word' id='word_1_88' title='bbox 1685 1465 1878 1534; x_wconf 86' lang='lat' dir='ltr'>hospes</span> <span class='ocrx_word' id='word_1_89' title='bbox 1917 1509 2037 1521; x_wconf 82' lang='grc'><strong>.....</strong></span> 
     </span>
    </p>

    <p class='ocr_par' dir='ltr' id='par_1_13' title="bbox 244 1548 1912 1620">
     <span class='ocr_line' id='line_1_17' title="bbox 244 1548 1912 1620; baseline 0.002 -15"><span class='ocrx_word' id='word_1_90' title='bbox 244 1551 484 1607; x_wconf 83' lang='lat' dir='ltr'>Reddere</span> <span class='ocrx_word' id='word_1_91' title='bbox 520 1565 773 1618; x_wconf 81' lang='lat' dir='ltr'>personae</span> <span class='ocrx_word' id='word_1_92' title='bbox 813 1548 910 1601; x_wconf 88' lang='lat' dir='ltr'>scit</span> <span class='ocrx_word' id='word_1_93' title='bbox 944 1549 1313 1603; x_wconf 85' lang='lat' dir='ltr'>convenientia</span> <span class='ocrx_word' id='word_1_94' title='bbox 1343 1553 1545 1620; x_wconf 85' lang='lat' dir='ltr'>cuique.</span> <span class='ocrx_word' id='word_1_95' title='bbox 1619 1570 1666 1607; x_wconf 90' lang='lat' dir='ltr'>a.</span> <span class='ocrx_word' id='word_1_96' title='bbox 1703 1569 1752 1620; x_wconf 90' lang='lat' dir='ltr'>p.</span> <span class='ocrx_word' id='word_1_97' title='bbox 1796 1556 1912 1608; x_wconf 85' lang='lat'><strong>309.</strong></span> 
     </span>
    </p>
   </div>
   <div class='ocr_carea' id='block_1_8' title="bbox 1134 1650 1235 1697">
    <p class='ocr_par' dir='ltr' id='par_1_14' title="bbox 1134 1650 1235 1697">
     <span class='ocr_line' id='line_1_18' title="bbox 1134 1650 1235 1697; baseline 0.03 -3"><span class='ocrx_word' id='word_1_98' title='bbox 1134 1650 1235 1697; x_wconf 84' lang='lat'>430.</span> 
     </span>
    </p>
   </div>
   <div class='ocr_carea' id='block_1_9' title="bbox 244 1724 1816 2050">
    <p class='ocr_par' dir='ltr' id='par_1_15' title="bbox 244 1724 1757 1876">
     <span class='ocr_line' id='line_1_19' title="bbox 244 1724 1757 1796; baseline 0.002 -16"><span class='ocrx_word' id='word_1_99' title='bbox 244 1728 321 1780; x_wconf 87' lang='lat' dir='ltr'>Tu</span> <span class='ocrx_word' id='word_1_100' title='bbox 355 1726 490 1780; x_wconf 88' lang='lat' dir='ltr'>nihil</span> <span class='ocrx_word' id='word_1_101' title='bbox 528 1726 695 1780; x_wconf 89' lang='lat' dir='ltr'>invita</span> <span class='ocrx_word' id='word_1_102' title='bbox 728 1724 871 1779; x_wconf 89' lang='lat' dir='ltr'>dices</span> <span class='ocrx_word' id='word_1_103' title='bbox 906 1725 1170 1796; x_wconf 84' lang='lat' dir='ltr'>faciesque</span> <span class='ocrx_word' id='word_1_104' title='bbox 1207 1727 1456 1782; x_wconf 89' lang='lat' dir='ltr'>Minerva.</span> <span class='ocrx_word' id='word_1_105' title='bbox 1530 1729 1601 1785; x_wconf 90' lang='lat' dir='ltr'>ib.</span> <span class='ocrx_word' id='word_1_106' title='bbox 1642 1734 1757 1784; x_wconf 83' lang='lat'><strong>385.</strong></span> 
     </span>
     <span class='ocr_line' id='line_1_20' title="bbox 1135 1831 1232 1876; baseline 0 -1"><span class='ocrx_word' id='word_1_107' title='bbox 1135 1831 1163 1875; x_wconf 85' lang='lat'>4</span> <span class='ocrx_word' id='word_1_108' title='bbox 1195 1835 1232 1876; x_wconf 87' lang='lat'>1.</span> 
     </span>
    </p>

    <p class='ocr_par' dir='ltr' id='par_1_16' title="bbox 249 1835 1816 2050">
     <span class='ocr_line' id='line_1_21' title="bbox 249 1835 1816 1974; baseline 0.001 -13"><span class='ocrx_word' id='word_1_109' title='bbox 249 1908 312 1961; x_wconf 91' lang='lat' dir='ltr'>In</span> <span class='ocrx_word' id='word_1_110' title='bbox 344 1907 534 1960; x_wconf 85' lang='lat' dir='ltr'>vitium</span> <span class='ocrx_word' id='word_1_111' title='bbox 570 1905 716 1959; x_wconf 89' lang='lat' dir='ltr'>ducit</span> <span class='ocrx_word' id='word_1_112' title='bbox 750 1905 936 1972; x_wconf 89' lang='lat' dir='ltr'>culpae</span> <span class='ocrx_word' id='word_1_113' title='bbox 973 1904 1124 1974; x_wconf 87' lang='lat' dir='ltr'>fuga,</span> <span class='ocrx_word' id='word_1_114' title='bbox 1162 1835 1207 1957; x_wconf 57' lang='lat' dir='ltr'>gi</span> <span class='ocrx_word' id='word_1_115' title='bbox 1245 1909 1392 1959; x_wconf 91' lang='lat' dir='ltr'>caret</span> <span class='ocrx_word' id='word_1_116' title='bbox 1427 1908 1555 1961; x_wconf 89' lang='lat' dir='ltr'>arte.</span> <span class='ocrx_word' id='word_1_117' title='bbox 1629 1905 1699 1962; x_wconf 91' lang='lat' dir='ltr'>ib.</span> <span class='ocrx_word' id='word_1_118' title='bbox 1736 1911 1816 1962; x_wconf 88' lang='lat'>31.</span> 
     </span>
     <span class='ocr_line' id='line_1_22' title="bbox 1139 2003 1237 2050; baseline 0 -3"><span class='ocrx_word' id='word_1_119' title='bbox 1139 2003 1237 2050; x_wconf 80' lang='lat'><strong>432.</strong></span> 
     </span>
    </p>
   </div>
   <div class='ocr_carea' id='block_1_10' title="bbox 247 2072 1999 2232">
    <p class='ocr_par' dir='ltr' id='par_1_17' title="bbox 247 2072 1999 2232">
     <span class='ocr_line' id='line_1_23' title="bbox 248 2072 1553 2144; baseline -0.002 -10"><span class='ocrx_word' id='word_1_120' title='bbox 248 2081 454 2134; x_wconf 85' lang='lat' dir='ltr'>Natura</span> <span class='ocrx_word' id='word_1_121' title='bbox 485 2078 638 2132; x_wconf 90' lang='lat' dir='ltr'>fieret</span> <span class='ocrx_word' id='word_1_122' title='bbox 673 2076 938 2131; x_wconf 90' lang='lat' dir='ltr'>laudabile</span> <span class='ocrx_word' id='word_1_123' title='bbox 975 2094 1188 2131; x_wconf 89' lang='lat' dir='ltr'>carmen</span> <span class='ocrx_word' id='word_1_124' title='bbox 1225 2095 1294 2132; x_wconf 89' lang='lat' dir='ltr'>an</span> <span class='ocrx_word' id='word_1_125' title='bbox 1334 2083 1462 2144; x_wconf 89' lang='lat' dir='ltr'>arte,</span> <span class='ocrx_word' id='word_1_126' title='bbox 1542 2072 1553 2084; x_wconf 82' lang='grc'>’</span> 
     </span>
     <span class='ocr_line' id='line_1_24' title="bbox 247 2162 1999 2232; baseline 0.002 -13"><span class='ocrx_word' id='word_1_127' title='bbox 247 2165 554 2230; x_wconf 84' lang='lat' dir='ltr'>Quaesitum</span> <span class='ocrx_word' id='word_1_128' title='bbox 590 2167 697 2216; x_wconf 88' lang='lat' dir='ltr'>est:</span> <span class='ocrx_word' id='word_1_129' title='bbox 751 2180 848 2232; x_wconf 85' lang='lat' dir='ltr'>ego</span> <span class='ocrx_word' id='word_1_130' title='bbox 885 2180 1005 2216; x_wconf 90' lang='lat' dir='ltr'>nec</span> <span class='ocrx_word' id='word_1_131' title='bbox 1042 2162 1343 2216; x_wconf 87' lang='lat' dir='ltr'>studium</span> <span class='ocrx_word' id='word_1_132' title='bbox 1378 2165 1523 2219; x_wconf 92' lang='lat' dir='ltr'>sine</span> <span class='ocrx_word' id='word_1_133' title='bbox 1563 2164 1788 2220; x_wconf 88' lang='lat' dir='ltr'>divite</span> <span class='ocrx_word' id='word_1_134' title='bbox 1827 2185 1999 2222; x_wconf 87' lang='lat' dir='ltr'>vena</span> 
     </span>
    </p>
   </div>
   <div class='ocr_carea' id='block_1_11' title="bbox 249 2253 2027 2405">
    <p class='ocr_par' dir='ltr' id='par_1_18' title="bbox 249 2253 2027 2405">
     <span class='ocr_line' id='line_1_25' title="bbox 249 2253 2027 2326; baseline 0.002 -17"><span class='ocrx_word' id='word_1_135' title='bbox 249 2255 388 2309; x_wconf 88' lang='lat' dir='ltr'>Nec</span> <span class='ocrx_word' id='word_1_136' title='bbox 424 2253 594 2307; x_wconf 89' lang='lat' dir='ltr'>rude</span> <span class='ocrx_word' id='word_1_137' title='bbox 632 2253 801 2321; x_wconf 88' lang='lat' dir='ltr'>quid</span> <span class='ocrx_word' id='word_1_138' title='bbox 832 2254 1056 2321; x_wconf 84' lang='lat' dir='ltr'>possit</span> <span class='ocrx_word' id='word_1_139' title='bbox 1087 2253 1240 2308; x_wconf 89' lang='lat' dir='ltr'>video</span> <span class='ocrx_word' id='word_1_140' title='bbox 1278 2255 1659 2326; x_wconf 85' lang='lat' dir='ltr'>ingenium:</span> <span class='ocrx_word' id='word_1_141' title='bbox 1700 2258 1919 2313; x_wconf 89' lang='lat' dir='ltr'>alterius</span> <span class='ocrx_word' id='word_1_142' title='bbox 1952 2261 2027 2313; x_wconf 88' lang='lat' dir='ltr'>sic</span> 
     </span>
     <span class='ocr_line' id='line_1_26' title="bbox 251 2337 1832 2405; baseline 0.003 -13"><span class='ocrx_word' id='word_1_143' title='bbox 251 2339 435 2392; x_wconf 86' lang='lat' dir='ltr'>Altera</span> <span class='ocrx_word' id='word_1_144' title='bbox 469 2337 640 2405; x_wconf 92' lang='lat' dir='ltr'>poscit</span> <span class='ocrx_word' id='word_1_145' title='bbox 679 2353 833 2404; x_wconf 89' lang='lat' dir='ltr'>opem</span> <span class='ocrx_word' id='word_1_146' title='bbox 870 2353 953 2390; x_wconf 88' lang='lat' dir='ltr'>res</span> <span class='ocrx_word' id='word_1_147' title='bbox 988 2340 1042 2391; x_wconf 91' lang='lat' dir='ltr'>et</span> <span class='ocrx_word' id='word_1_148' title='bbox 1075 2337 1317 2392; x_wconf 90' lang='lat' dir='ltr'>coniurat</span> <span class='ocrx_word' id='word_1_149' title='bbox 1353 2339 1533 2395; x_wconf 87' lang='lat' dir='ltr'>amice.</span> <span class='ocrx_word' id='word_1_150' title='bbox 1607 2339 1675 2394; x_wconf 92' lang='lat' dir='ltr'>ib.</span> <span class='ocrx_word' id='word_1_151' title='bbox 1717 2345 1832 2397; x_wconf 85' lang='lat'>408.</span> 
     </span>
    </p>
   </div>
   <div class='ocr_carea' id='block_1_12' title="bbox 251 2444 1760 2674">
    <p class='ocr_par' dir='ltr' id='par_1_19' title="bbox 251 2444 1760 2674">
     <span class='ocr_line' id='line_1_27' title="bbox 1149 2444 1247 2491; baseline 0 -2"><span class='ocrx_word' id='word_1_152' title='bbox 1149 2444 1247 2491; x_wconf 86' lang='lat'>433.</span> 
     </span>
     <span class='ocr_line' id='line_1_28' title="bbox 251 2519 1760 2590; baseline -0.002 -15"><span class='ocrx_word' id='word_1_153' title='bbox 251 2522 421 2589; x_wconf 86' lang='lat' dir='ltr'>Saepe</span> <span class='ocrx_word' id='word_1_154' title='bbox 460 2520 640 2573; x_wconf 89' lang='lat' dir='ltr'>stilum</span> <span class='ocrx_word' id='word_1_155' title='bbox 676 2523 870 2583; x_wconf 81' lang='lat' dir='ltr'>vertaS,</span> <span class='ocrx_word' id='word_1_156' title='bbox 902 2519 1094 2572; x_wconf 90' lang='lat' dir='ltr'>iterum</span> <span class='ocrx_word' id='word_1_157' title='bbox 1131 2537 1268 2588; x_wconf 87' lang='lat' dir='ltr'>quae</span> <span class='ocrx_word' id='word_1_158' title='bbox 1305 2519 1466 2589; x_wconf 85' lang='lat' dir='ltr'>digna</span> <span class='ocrx_word' id='word_1_159' title='bbox 1500 2519 1607 2590; x_wconf 86' lang='lat' dir='ltr'>legi</span> <span class='ocrx_word' id='word_1_160' title='bbox 1641 2520 1760 2585; x_wconf 86' lang='lat' dir='ltr'>sint,</span> 
     </span>
     <span class='ocr_line' id='line_1_29' title="bbox 252 2604 1692 2674; baseline -0.001 -14"><span class='ocrx_word' id='word_1_161' title='bbox 252 2607 552 2674; x_wconf 86' lang='lat' dir='ltr'>Scripturus</span> <span class='ocrx_word' id='word_1_162' title='bbox 588 2622 780 2673; x_wconf 86' lang='lat' dir='ltr'>neque,</span> <span class='ocrx_word' id='word_1_163' title='bbox 820 2608 873 2657; x_wconf 85' lang='lat' dir='ltr'>te</span> <span class='ocrx_word' id='word_1_164' title='bbox 912 2608 972 2656; x_wconf 86' lang='lat' dir='ltr'>ut</span> <span class='ocrx_word' id='word_1_165' title='bbox 1007 2604 1230 2658; x_wconf 91' lang='lat' dir='ltr'>miretur</span> <span class='ocrx_word' id='word_1_166' title='bbox 1265 2605 1445 2668; x_wconf 88' lang='lat' dir='ltr'>turba,</span> <span class='ocrx_word' id='word_1_167' title='bbox 1484 2604 1692 2658; x_wconf 86' lang='lat' dir='ltr'>labores</span> 
     </span>
    </p>
   </div>
   <div class='ocr_carea' id='block_1_13' title="bbox 252 2692 1921 2836">
    <p class='ocr_par' dir='ltr' id='par_1_20' title="bbox 252 2692 1921 2836">
     <span class='ocr_line' id='line_1_30' title="bbox 252 2692 1620 2760; baseline -0.001 -12"><span class='ocrx_word' id='word_1_168' title='bbox 252 2696 539 2749; x_wconf 87' lang='lat' dir='ltr'>Contentus</span> <span class='ocrx_word' id='word_1_169' title='bbox 570 2693 751 2760; x_wconf 87' lang='lat' dir='ltr'>paucis</span> <span class='ocrx_word' id='word_1_170' title='bbox 786 2692 1085 2749; x_wconf 84' lang='lat' dir='ltr'>lectoribus,</span> <span class='ocrx_word' id='word_1_171' title='bbox 1157 2693 1241 2745; x_wconf 90' lang='lat' dir='ltr'>An</span> <span class='ocrx_word' id='word_1_172' title='bbox 1277 2697 1370 2746; x_wconf 87' lang='lat' dir='ltr'>tua</span> <span class='ocrx_word' id='word_1_173' title='bbox 1406 2692 1620 2748; x_wconf 89' lang='lat' dir='ltr'>demens</span> 
     </span>
     <span class='ocr_line' id='line_1_31' title="bbox 252 2776 1921 2836; baseline 0.001 -2"><span class='ocrx_word' id='word_1_174' title='bbox 252 2780 461 2834; x_wconf 90' lang='lat' dir='ltr'>Vilibus</span> <span class='ocrx_word' id='word_1_175' title='bbox 497 2779 552 2831; x_wconf 89' lang='lat' dir='ltr'>in</span> <span class='ocrx_word' id='word_1_176' title='bbox 588 2777 728 2830; x_wconf 89' lang='lat' dir='ltr'>ludis</span> <span class='ocrx_word' id='word_1_177' title='bbox 765 2776 955 2830; x_wconf 89' lang='lat' dir='ltr'>dictari</span> <span class='ocrx_word' id='word_1_178' title='bbox 992 2778 1227 2833; x_wconf 87' lang='lat' dir='ltr'>carmina</span> <span class='ocrx_word' id='word_1_179' title='bbox 1258 2778 1446 2832; x_wconf 80' lang='lat' dir='ltr'>malis?</span> <span class='ocrx_word' id='word_1_180' title='bbox 1494 2783 1588 2833; x_wconf 91' lang='lat' dir='ltr'>sat.</span> <span class='ocrx_word' id='word_1_181' title='bbox 1633 2786 1674 2832; x_wconf 91' lang='lat'>1.</span> <span class='ocrx_word' id='word_1_182' title='bbox 1723 2785 1800 2834; x_wconf 89' lang='lat'>10.</span> <span class='ocrx_word' id='word_1_183' title='bbox 1840 2785 1921 2836; x_wconf 86' lang='lat'>72.</span> 
     </span>
    </p>
   </div>
   <div class='ocr_carea' id='block_1_14' title="bbox 255 2883 1620 3109">
    <p class='ocr_par' dir='ltr' id='par_1_21' title="bbox 255 2883 1620 3109">
     <span class='ocr_line' id='line_1_32' title="bbox 1145 2883 1243 2928; baseline -0.01 0"><span class='ocrx_word' id='word_1_184' title='bbox 1145 2883 1243 2928; x_wconf 81' lang='lat'>434.</span> 
     </span>
     <span class='ocr_line' id='line_1_33' title="bbox 1022 2957 1620 3027; baseline 0.003 -17"><span class='ocrx_word' id='word_1_185' title='bbox 1022 2957 1079 3011; x_wconf 82' lang='lat' dir='ltr'>Si</span> <span class='ocrx_word' id='word_1_186' title='bbox 1114 2958 1243 3027; x_wconf 91' lang='lat' dir='ltr'>quid</span> <span class='ocrx_word' id='word_1_187' title='bbox 1278 2963 1458 3013; x_wconf 87' lang='lat' dir='ltr'>tamen</span> <span class='ocrx_word' id='word_1_188' title='bbox 1488 2959 1620 3013; x_wconf 89' lang='lat' dir='ltr'>olim</span> 
     </span>
     <span class='ocr_line' id='line_1_34' title="bbox 255 3037 1598 3109; baseline 0.003 -15"><span class='ocrx_word' id='word_1_189' title='bbox 255 3037 558 3109; x_wconf 81' lang='lat' dir='ltr'>ScripseriS,</span> <span class='ocrx_word' id='word_1_190' title='bbox 595 3040 652 3092; x_wconf 91' lang='lat' dir='ltr'>in</span> <span class='ocrx_word' id='word_1_191' title='bbox 694 3041 863 3096; x_wconf 90' lang='lat' dir='ltr'>Maeci</span> <span class='ocrx_word' id='word_1_192' title='bbox 897 3042 1186 3097; x_wconf 87' lang='lat' dir='ltr'>descendat</span> <span class='ocrx_word' id='word_1_193' title='bbox 1220 3043 1407 3098; x_wconf 89' lang='lat' dir='ltr'>iudicis</span> <span class='ocrx_word' id='word_1_194' title='bbox 1444 3062 1598 3099; x_wconf 88' lang='lat' dir='ltr'>aures</span> 
     </span>
    </p>
   </div>
   <div class='ocr_carea' id='block_1_15' title="bbox 253 3130 2069 3283">
    <p class='ocr_par' dir='ltr' id='par_1_22' title="bbox 253 3130 2069 3283">
     <span class='ocr_line' id='line_1_35' title="bbox 253 3130 2069 3201; baseline 0.004 -19"><span class='ocrx_word' id='word_1_195' title='bbox 253 3131 324 3183; x_wconf 93' lang='lat' dir='ltr'>Et</span> <span class='ocrx_word' id='word_1_196' title='bbox 358 3130 526 3198; x_wconf 89' lang='lat' dir='ltr'>patris</span> <span class='ocrx_word' id='word_1_197' title='bbox 563 3134 618 3183; x_wconf 91' lang='lat' dir='ltr'>et</span> <span class='ocrx_word' id='word_1_198' title='bbox 651 3135 858 3184; x_wconf 90' lang='lat' dir='ltr'>nostras</span> <span class='ocrx_word' id='word_1_199' title='bbox 894 3149 1279 3201; x_wconf 90' lang='lat' dir='ltr'>nonumque</span> <span class='ocrx_word' id='word_1_200' title='bbox 1316 3138 1584 3200; x_wconf 89' lang='lat' dir='ltr'>premat</span> <span class='ocrx_word' id='word_1_201' title='bbox 1601 3134 1784 3187; x_wconf 90' lang='lat' dir='ltr'>urin</span> <span class='ocrx_word' id='word_1_202' title='bbox 1823 3151 2069 3189; x_wconf 90' lang='lat' dir='ltr'>annum</span> 
     </span>
     <span class='ocr_line' id='line_1_36' title="bbox 256 3216 1452 3283; baseline 0 -15"><span class='ocrx_word' id='word_1_203' title='bbox 256 3216 582 3269; x_wconf 88' lang='lat' dir='ltr'>Membranis</span> <span class='ocrx_word' id='word_1_204' title='bbox 619 3216 762 3268; x_wconf 90' lang='lat' dir='ltr'>intus</span> <span class='ocrx_word' id='word_1_205' title='bbox 798 3216 982 3283; x_wconf 87' lang='lat' dir='ltr'>positis</span> <span class='ocrx_word' id='word_1_206' title='bbox 998 3239 1009 3269; x_wconf 72' lang='grc' dir='ltr'><strong>ε</strong></span> <span class='ocrx_word' id='word_1_207' title='bbox 1049 3216 1226 3270; x_wconf 89' lang='lat' dir='ltr'>delere</span> <span class='ocrx_word' id='word_1_208' title='bbox 1258 3216 1452 3281; x_wconf 88' lang='lat' dir='ltr'>licebit,</span> 
     </span>
    </p>
   </div>
   <div class='ocr_carea' id='block_1_16' title="bbox 191 3302 1985 3371">
    <p class='ocr_par' dir='ltr' id='par_1_23' title="bbox 191 3302 1985 3371">
     <span class='ocr_line' id='line_1_37' title="bbox 191 3302 1985 3371; baseline 0.004 -20"><span class='ocrx_word' id='word_1_209' title='bbox 191 3349 194 3351; x_wconf 74' lang='grc'>,</span> <span class='ocrx_word' id='word_1_210' title='bbox 259 3303 411 3368; x_wconf 82' lang='lat' dir='ltr'>Quod</span> <span class='ocrx_word' id='word_1_211' title='bbox 449 3321 558 3366; x_wconf 88' lang='lat' dir='ltr'>non</span> <span class='ocrx_word' id='word_1_212' title='bbox 592 3302 851 3370; x_wconf 84' lang='lat' dir='ltr'>edideris;</span> <span class='ocrx_word' id='word_1_213' title='bbox 888 3304 1056 3357; x_wconf 79' lang='lat' dir='ltr'>nescit</span> <span class='ocrx_word' id='word_1_214' title='bbox 1091 3321 1191 3357; x_wconf 85' lang='lat' dir='ltr'>vox</span> <span class='ocrx_word' id='word_1_215' title='bbox 1225 3303 1384 3357; x_wconf 90' lang='lat' dir='ltr'>missa</span> <span class='ocrx_word' id='word_1_216' title='bbox 1417 3303 1624 3357; x_wconf 86' lang='lat' dir='ltr'>reverti.</span> <span class='ocrx_word' id='word_1_217' title='bbox 1694 3321 1741 3358; x_wconf 87' lang='lat' dir='ltr'>a.</span> <span class='ocrx_word' id='word_1_218' title='bbox 1779 3321 1830 3371; x_wconf 90' lang='lat' dir='ltr'>p.</span> <span class='ocrx_word' id='word_1_219' title='bbox 1869 3309 1985 3361; x_wconf 87' lang='lat'><strong>386.</strong></span> 
     </span>
    </p>
   </div>
   <div class='ocr_carea' id='block_1_17' title="bbox 258 3403 2139 3548">
    <p class='ocr_par' dir='ltr' id='par_1_24' title="bbox 258 3403 2139 3548">
     <span class='ocr_line' id='line_1_38' title="bbox 1152 3403 1250 3449; baseline 0.02 -3"><span class='ocrx_word' id='word_1_220' title='bbox 1152 3403 1250 3449; x_wconf 85' lang='lat'>435.</span> 
     </span>
     <span class='ocr_line' id='line_1_39' title="bbox 258 3454 2139 3548; baseline 0.002 -15"><span class='ocrx_word' id='word_1_221' title='bbox 258 3478 380 3535; x_wconf 89' lang='lat' dir='ltr'>Non</span> <span class='ocrx_word' id='word_1_222' title='bbox 417 3454 544 3532; x_wconf 87' lang='lat' dir='ltr'>satis</span> <span class='ocrx_word' id='word_1_223' title='bbox 582 3483 662 3532; x_wconf 90' lang='lat' dir='ltr'>est</span> <span class='ocrx_word' id='word_1_224' title='bbox 693 3478 840 3548; x_wconf 88' lang='lat' dir='ltr'>puris</span> <span class='ocrx_word' id='word_1_225' title='bbox 872 3495 1080 3532; x_wconf 85' lang='lat' dir='ltr'>versum</span> <span class='ocrx_word' id='word_1_226' title='bbox 1116 3477 1441 3545; x_wconf 85' lang='lat' dir='ltr'>perscribere</span> <span class='ocrx_word' id='word_1_227' title='bbox 1475 3476 1661 3532; x_wconf 82' lang='lat' dir='ltr'>verbis,</span> <span class='ocrx_word' id='word_1_228' title='bbox 1735 3480 1838 3533; x_wconf 88' lang='lat' dir='ltr'>sat.</span> <span class='ocrx_word' id='word_1_229' title='bbox 1882 3483 1925 3537; x_wconf 87' lang='lat'>1..</span> <span class='ocrx_word' id='word_1_230' title='bbox 1964 3484 2011 3533; x_wconf 85' lang='lat'>4.</span> <span class='ocrx_word' id='word_1_231' title='bbox 2055 3485 2139 3536; x_wconf 90' lang='grc'>54.</span> 
     </span>
    </p>
   </div>
  </div>
 </body>
</html>
