2332 3776
972 173 1324 224 *20*

1120 295 1187 338 90.

201 357 426 422 InviduS,
463 359 757 424 iracundus,
795 362 950 426 inem,
987 363 1211 429 vinosus
1248 361 1463 430 amator,

201 445 364 498 Nemo
401 446 532 499 adeo
569 446 709 500 ferus
747 453 848 511 est,
884 454 943 500 ut
979 467 1085 502 non
1121 453 1395 505 mitescere
1435 455 1612 520 possit,

199 528 253 581 Si
293 529 447 582 modo
485 531 720 583 culturae
756 532 1047 598 patientem
1082 533 1376 587 commodet
1413 553 1609 589 aurem.
1660 553 1776 604 epp.
1823 543 1864 591 1.
1907 543 1951 592 1.
1991 540 2072 592 38.

1099 618 1167 661 91.

198 683 316 736 Non
350 684 517 750 possis
555 684 703 737 oculo
738 689 995 752 quantum
1031 686 1348 739 contendere
1385 687 1635 756 LynceUS,

199 772 313 824 Non
352 777 529 823 tamen
565 772 760 825 idcirco
797 780 1100 826 contemnas
1138 774 1314 840 lippus
1349 775 1534 844 inungi
1573 819 1584 828 .
1624 818 1636 830 .
1723 820 1735 830 .

199 862 293 914 Est
330 860 558 928 quadam
596 861 807 928 prodire
846 866 1022 927 tenuS,
1061 865 1104 914 si
1142 880 1248 915 non
1287 863 1444 915 datur
1478 863 1632 917 ultra.
1669 864 1741 917 ib.
1780 865 1861 919 28.

1085 950 1167 995 92.-

1312 1023 1507 1087 Quodsi

194 1107 412 1177 Frigida
448 1124 693 1159 curarum
729 1106 963 1160 fomenta
995 1107 1294 1176 relinquere
1330 1125 1535 1175 posses:

192 1195 304 1259 Quo
341 1200 393 1248 te
428 1194 668 1248 caelestis
706 1195 968 1260 sapientia
1001 1193 1228 1259 duceret,
1265 1196 1385 1250 ires,

192 1282 304 1336 Hoc
342 1299 484 1348 opus,
525 1281 624 1332 hoc
663 1280 896 1332 studium
932 1282 1082 1347 parvi
1117 1297 1462 1348 properemus
1499 1285 1552 1333 et
1589 1280 1765 1348 ampli,

204 1368 259 1422 Si
296 1369 501 1437 patriae
539 1368 788 1432 volumus
823 1368 867 1419 si
906 1369 1058 1421 nobis
1094 1366 1275 1422 vivere'
1307 1369 1443 1422 cari!
1485 1385 1602 1435 epp.
1651 1376 1686 1422 ¹.
1727 1372 1771 1422 3.
1808 1372 1890 1421 25.

1095 1460 1163 1503 93.

194 1532 391 1595 Nonne,
430 1531 767 1598 cupidinibus
805 1535 1002 1583 statuat
1039 1535 1230 1583 natura
1267 1531 1480 1584 modum
1516 1548 1685 1598 quem,

189 1622 326 1685 Quid
363 1622 538 1674 latura
574 1621 696 1685 sibi,
735 1619 863 1688 quid
902 1621 972 1672 sit
1007 1619 1238 1672 dolitura
1275 1624 1535 1690 negatum,

188 1709 450 1794 Quaerere
478 1709 596 1776 plus
624 1707 840 1775 prodest
877 1712 931 1759 et
959 1708 1116 1761 inane
1152 1707 1462 1761 abscindere
1496 1707 1678 1760 soldo‘?
1715 1711 1810 1760 sat.
1835 1710 1932 1759 1.2.
1954 1709 2067 1757 111.

1104 1794 1174 1838 94.

189 1871 342 1924 Hunc
380 1870 543 1923 solem
582 1873 634 1922 et
669 1868 847 1921 stellas
886 1871 939 1920 et
976 1866 1287 1920 decedentia
1325 1867 1483 1919 certis

186 1958 445 2025 Tempora
481 1956 759 2008 momentis
797 1959 941 2018 sunt,
993 1954 1084 2022 qui
1122 1953 1401 2006 formidine
1438 1953 1584 2006 nulla

187 2044 388 2096 Imbuti
422 2046 687 2109 spectent:
728 2041 855 2109 quid
889 2057 1069 2093 censes
1107 2057 1328 2092 munera
1365 2043 1576 2092 terrae?

190 2131 326 2196 Quid
364 2131 527 2184 maris
565 2134 824 2183 extremos
861 2129 1066 2182 Arabas
1107 2129 1328 2181 ditantis
1366 2133 1418 2181 et
1450 2127 1644 2199 Indos?

187 2218 415 2270 Ludicra
452 2216 591 2284 quid,
635 2217 847 2283 plausus
881 2220 934 2269 et
966 2216 1123 2269 amici
1162 2216 1300 2268 dona
1336 2215 1596 2278 Quiritis?

186 2308 299 2370 Quo
338 2305 623 2373 spectanda
656 2305 823 2368 modO,
862 2322 965 2373 quo
1004 2322 1159 2358 sensu
1198 2303 1367 2357 credis
1406 2307 1458 2357 et
1495 2307 1625 2356 ore?
1660 2319 1775 2370 epp.
1819 2309 1861 2356 1.
1899 2307 1946 2359 6.
1986 2307 2031 2358 3.

1094 2388 1162 2432 95.

187 2463 449 2515 Nimirum
486 2480 734 2529 sapere
776 2465 854 2515 est
890 2461 1109 2515 abiectis
1145 2461 1274 2513 utile
1315 2460 1480 2529 nugis

139 2544 143 2547 ’
185 2549 253 2600 Et
290 2549 657 2615 tempestivum
696 2548 874 2615 pueris
910 2547 1198 2600 concedere
1234 2547 1417 2600 ludum
1457 2590 1468 2600 .
1507 2591 1518 2601 .
1559 2592 1567 2601 .
1606 2591 1617 2601 .

181 2637 250 2689 Et
287 2655 438 2689 verae
473 2654 822 2704 numerosque
858 2636 1144 2704 modosque
1179 2635 1413 2688 ediscere
1454 2634 1609 2688 vitae.
1660 2650 1778 2700 epp.
1814 2636 1926 2685 2.·2.
1947 2635 2062 2685 141.

1094 2722 1162 2765 96.

1160 2796 1324 2865 [Mihi
1364 2813 1490 2849 cura

186 2881 305 2934 Non
337 2881 616 2934 mediocris
652 2881 802 2944 inest,
838 2880 1010 2935 fontes
1047 2885 1106 2933 ut
1141 2881 1289 2936 adire
1325 2885 1554 2958 remotos

183 2970 353 3038 Atque
392 2968 606 3021 haurire
644 2985 834 3036 queam
869 2968 1008 3021 vitae
1044 2971 1330 3035 praecepta
1365 2968 1581 3020 beatae!
1631 2969 1726 3017 sat.
1756 2968 1803 3019 2.
1835 2970 1879 3018 4.
1922 2963 2024 3032 93]

642 3081 683 3126 b.
715 3077 858 3124 Die
890 3083 1217 3139 muthige
1249 3081 1602 3126 Umkehr.

1065 3174 1122 3215 Ut
1151 3183 1190 3215 te
1219 3175 1351 3227 ipsum
1378 3188 1531 3224 serve-3,
1564 3188 1643 3214 non
1675 3174 2002 3226 emperyz'scerzls?

1596 3259 1693 3301 epp.
1727 3247 1766 3290 1.
1800 3247 1840 3290 2.
1874 3247 1943 3290 33.

1093 3317 1160 3362 97.

181 3394 473 3450 Dimidium
507 3392 647 3459 facti,
686 3392 778 3463 qui
817 3392 1004 3460 coepit,
1040 3392 1230 3446 habet:
1273 3390 1538 3444 SAPERE
1572 3392 1792 3446 AVDE!

178 3487 371 3554 Incipe.
443 3484 543 3550 Qui
577 3487 720 3539 recte
757 3482 973 3538 vivendi
1010 3485 1261 3554 prorogat
1292 3482 1494 3547 horam,
